3000 4800
825 165 324 48 ANNUAL
1188 168 298 48 SACRED
1524 169 207 46 HARP
1768 169 360 48 SINGINGS

2662 168 61 46 47

1057 343 333 49 SUNDAY,
1426 343 189 49 JUNE
1654 346 78 46 22.
1774 346 121 46 1958

361 469 204 48 Called
598 471 60 46 to
693 471 174 46 order
900 471 76 54 by
1012 471 319 54 Chairman
1365 472 231 58 singing
1629 474 82 57 37;
1746 474 220 57 Prayer
1999 474 75 57 by
2109 474 123 57 Lon
2265 474 223 57 Frazer.
2524 472 202 58 Chair¬

232 562 129 36 man
400 558 141 45 sang
579 549 78 54 40,
696 549 79 54 43,
814 549 82 54 28;
937 549 79 54 At
1053 549 118 54 this
1210 550 141 52 time
1390 550 99 52 the
1528 550 316 52 Chairman
1885 550 316 58 appointed
2241 550 123 58 Sim
2403 549 328 60 Wakefield

238 627 109 49 and
382 628 60 48 P.
480 627 70 49 H.
588 625 231 51 Mattox
859 627 60 49 to
957 625 139 58 help
1135 627 100 57 the
1276 627 349 57 committee.
1699 627 154 57 First
1890 627 214 57 leader,
2146 625 133 58 Will
2319 627 259 57 Robbins
2617 627 112 57 383,

240 706 75 54 56;
361 705 48 55 J.
454 703 76 57 M.
577 702 180 58 Cagle
801 703 117 57 313;
964 705 271 55 Jeanette
1281 703 204 57 Norris
1528 705 111 55 396,
1684 705 114 55 290;
1848 705 153 55 Hosa
2047 703 139 57 Cole
2236 705 105 55 112,
2389 705 114 55 269;
2553 705 81 55 W.
2679 703 51 57 J.

240 781 324 48 Wakefield
610 781 108 52 192,
762 781 117 54 392;
925 781 138 54 Mrs.
1110 781 124 54 Ben
1278 781 204 54 Norris
1530 783 106 54 155,
1681 781 115 55 411;
1843 781 66 55 G.
1954 781 81 55 W.
2077 780 138 57 Rice
2260 781 109 55 329,
2415 781 114 55 404;
2577 778 154 58 John

240 859 342 57 Livingston
616 859 111 57 328,
766 858 112 58 128;
918 856 321 60 Chairman
1272 859 111 57 449.

373 970 205 49 Called
612 972 57 48 to
705 972 174 48 order
912 970 78 55 by
1026 970 319 55 Chairman
1380 970 232 58 singing
1647 970 79 58 92;
1764 970 267 58 Leaders,
2067 970 64 58 G.
2166 969 58 60 E.
2260 969 175 60 Cagle
2472 969 108 60 299,
2616 969 114 60 283;

246 1051 183 48 Helen
457 1048 331 51 Wakefield
819 1048 111 54 391,
961 1048 114 54 392;
1110 1048 79 54 W.
1221 1048 58 54 E.
1309 1047 258 55 Duboise
1596 1047 76 55 79,
1707 1048 111 57 100;
1848 1048 60 57 L.
1938 1047 58 58 L.
2026 1047 273 58 Welborn
2329 1047 108 58 349,
2469 1047 112 58 426;
2616 1045 118 60 Fay

247 1125 324 51 Wakefield
606 1126 111 54 371,
753 1126 115 54 302;
904 1125 241 55 Verbon
1177 1123 220 57 Martin
1432 1125 109 55 300,
1578 1125 111 55 216.

370 1237 139 48 Rest
541 1237 60 48 10
630 1236 276 49 Minutes.

381 1347 204 49 Called
622 1348 58 48 to
721 1347 172 49 order
931 1345 78 57 by
1048 1345 318 57 Chairman
1404 1344 232 58 singing
1675 1344 111 58 146;
1827 1344 120 58 The
1986 1342 331 60 committee
2358 1341 285 61 arranged
2683 1339 57 63 at

253 1426 112 48 this
403 1426 142 48 time
582 1425 96 49 for
717 1425 100 49 the
855 1423 313 51 memorial
1206 1423 234 55 singing
1479 1435 61 43 as
1578 1420 307 58 following
1923 1420 171 58 Mary
2134 1420 63 58 R.
2238 1419 207 60 Bailey
2484 1417 78 61 by
2598 1417 141 61 Lola

250 1503 294 48 Robinson
573 1503 111 52 358,
717 1501 114 55 380;
865 1501 81 55 W.
978 1501 61 55 B.
1069 1501 213 55 Young
1311 1500 76 57 by
1417 1500 51 57 J.
1497 1500 76 57 M.
1606 1498 177 58 Cagle
1818 1498 109 58 146;
1960 1497 190 60 Willie
2182 1497 114 60 and
2325 1497 106 60 Joe
2461 1495 172 61 Ward
2664 1494 76 63 by

256 1582 57 46 L.
351 1581 81 48 W,
474 1579 237 52 Godsey
751 1579 78 54 58,
874 1578 112 55 129;
1030 1578 159 55 Julie
1231 1575 330 58 Wakefield
1602 1575 76 58 by
1722 1575 58 58 C.
1825 1575 63 58 O.
1932 1575 223 58 Horton
2197 1573 109 60 388,
2347 1573 114 60 309;
2508 1570 232 63 Florine

256 1659 177 46 Watts
471 1657 78 55 by
586 1656 141 57 Geo.
765 1656 78 57 M.
880 1654 231 58 Mattox
1147 1654 111 58 277,
1300 1654 111 58 142;
1452 1651 229 61 Henrfy
1719 1650 328 63 Wakefield
2085 1650 76 63 by
2199 1650 106 63 Joe
2344 1648 247 64 Guthrie
2635 1648 105 64 176,

258 1737 111 57 445;
418 1734 220 60 Martin
682 1732 211 61 Young
943 1732 76 61 by
1068 1731 51 63 J.
1167 1731 61 63 L.
1278 1729 252 64 Thomas
1581 1729 108 64 159,
1740 1729 81 64 56;
1873 1726 309 67 Memorial
2233 1726 196 67 closes.
2512 1723 232 70 Marion

261 1812 210 48 Chafin
508 1812 106 54 110,
651 1810 115 55 419;
804 1810 51 55 J.
889 1809 66 57 W
993 1809 177 57 .Long
1204 1807 111 58 428,
1351 1807 81 58 74;
1471 1804 316 61 Chairman
1825 1804 106 61 174.

387 1924 124 45 One
547 1921 151 48 hour
735 1921 93 48 for
862 1920 195 49 lunch.

385 2032 202 49 Called
622 2034 60 48 to
720 2031 174 51 order
927 2029 79 57 by
1039 2029 142 57 Vice
1219 2028 318 58 Chairman
1573 2025 231 61 singing
1840 2025 109 61 213,
1987 2025 114 61 442;
2140 2023 265 63 Leaders,
2446 2020 292 66 Christine

258 2110 301 48 Cornelius
592 2110 111 52 206,
736 2109 115 54 361;
886 2107 198 55 Elmer
1114 2104 240 58 Painter
1384 2104 111 58 341,
1528 2103 114 60 200;
1677 2103 81 60 W.
1789 2103 69 60 H.
1890 2100 336 63 Donaldson
2262 2100 105 63 137,
2404 2098 109 64 172;
2550 2097 186 66 Palm¬

261 2202 58 33 er
348 2187 234 55 Godsey
612 2187 111 55 385,
756 2185 115 57 381;
906 2185 61 57 P.
999 2184 67 58 H.
1098 2182 229 60 Mattox
1359 2181 109 61 460,
1501 2179 114 63 304;
1650 2178 223 64 Arthur
1903 2176 172 66 Ward
2106 2178 109 64 440,
2247 2176 114 66 456;
2394 2175 76 67 M.
2502 2175 58 67 E.
2593 2175 145 67 Ben¬

261 2266 121 46 nett
414 2265 112 54 342,
561 2263 117 55 424;
717 2262 126 57 Sim
877 2257 333 61 Wakefield
1242 2259 112 60 234,
1389 2257 117 61 431;
1545 2254 198 64 Clovis
1776 2254 220 64 Adams
2029 2253 111 66 204,
2178 2254 114 64 318;
2331 2251 217 67 Walter
2581 2251 162 67 Long

262 2343 108 55 215,
402 2343 114 55 316;
553 2340 321 58 Chairman
904 2338 111 60 225.

391 2451 141 49 Rest
562 2451 60 49 10
651 2448 276 52 Minutes.

393 2559 204 48 Called
625 2560 60 46 to
715 2557 172 49 order
918 2557 78 54 by
1026 2554 318 57 Chairman
1374 2551 229 60 singing
1636 2550 106 61 124,
1776 2550 109 61 126;
1918 2547 265 64 Leaders,
2215 2547 48 64 J.
2293 2547 66 64 A.
2389 2545 216 66 Adams
2635 2544 109 67 378,

267 2640 112 54 330;
412 2640 81 54 W.
526 2637 60 57 T.
621 2637 234 57 Rhodes
891 2635 108 58 123,
1033 2634 115 60 389;
1183 2629 217 64 Myrtie
1434 2629 130 64 Mae
1597 2626 250 67 Thomas
1882 2626 109 67 145;
2028 2625 58 69 T.
2121 2623 57 70 E.
2211 2623 217 70 Adams
2461 2622 114 72 417;
2613 2620 136 73 Mrs.

270 2716 48 46 J.
351 2716 79 46 W.
465 2716 163 54 Long
663 2715 78 55 68,
775 2712 82 58 47;
897 2710 319 60 Chairman
1254 2707 106 63 143,
1396 2706 82 64 45;
1515 2704 219 66 Prayer
1767 2701 78 69 by
1878 2700 219 70 Walter
2130 2700 177 70 Long.
2374 2697 156 73 Thus
2565 2695 190 75 ended

267 2806 106 33 one
406 2793 61 46 of
493 2791 100 48 the
625 2790 129 49 best
784 2787 264 57 singings
1077 2797 144 46 ever
1248 2782 139 61 held
1419 2782 58 61 at
1507 2779 199 64 Shady
1737 2779 211 64 Grove.

1165 2911 58 45 L.
1261 2910 81 46 W.
1377 2905 316 55 GODSEY,
1729 2904 315 57 Chairman

1165 3022 52 45 J.
1252 3021 69 46 H.
1356 3018 319 54 DEFOOR,
1708 3015 141 57 Vice
1885 3012 315 60 Chairman

1167 3130 159 48 ROY
1357 3126 226 55 MAYS,
1617 3123 309 58 Secretary

1483 3354 63 63 *

610 3606 208 76 New
892 3600 259 100 Hope
1237 3583 214 117 (Joe
1522 3576 342 124 Myers)
1954 3580 465 120 Memorial

1311 3768 154 46 June
1495 3765 78 54 22,
1608 3762 123 57 1958

403 3930 198 45 House
634 3922 190 52 called
856 3921 58 54 to
948 3916 174 58 order
1152 3915 79 60 by
1261 3910 187 64 Rufus
1479 3904 249 70 Tidwell
1758 3901 231 73 singing
2019 3900 121 75 36b;
2175 3900 219 75 Prayer
2424 3897 78 78 by
2533 3895 228 79 George

277 4005 261 58 Phillips.
616 4000 280 63 Business
939 3993 238 70 session.
1254 3988 120 75 The
1416 3982 307 81 following
1764 3979 237 84 officers
2044 3988 156 75 were
2244 3973 223 90 elected
2511 3972 114 91 and
2670 3985 94 78 ap¬

279 4083 255 58 pointed,
570 4078 217 63 Ruffus
822 4069 267 72 Tidwell,
1126 4066 337 75 Chairman;
1506 4062 180 79 Oscar
1722 4056 160 85 Cain,
1918 4053 141 88 Vice
2095 4051 330 90 Chairman,
2464 4048 112 93 and
2613 4050 39 91 I.
2689 4048 78 93 M.

279 4159 337 55 Heatherly,
666 4152 328 63 Secretary.
1077 4141 337 73 Arranging
1462 4134 364 81 Committee,
1870 4131 219 84 Nelson
2136 4128 204 87 Butler
2389 4125 114 90 and
2548 4126 220 88 Dewey

280 4195 336 96 McCullar,'
642 4231 322 60 Chairman
1006 4222 234 69 singing
1285 4219 111 72 119;
1441 4213 154 78 First
1635 4210 214 81 leader,
1893 4209 39 82 I.
1974 4207 78 84 M.
2095 4203 321 88 Heatherly
2463 4204 106 87 192,
2617 4201 150 90 193b;

282 4317 186 54 Wiley
501 4308 316 63 Randolph
850 4305 112 66 326,
997 4302 115 69 360;
1150 4300 141 70 Rev.
1326 4293 201 78 Elbert
1558 4290 201 81 Aaron
1791 4285 111 85 432,
1936 4284 115 87 436;
2089 4281 298 90 Charlotte
2422 4279 204 91 Butler
2664 4279 108 91 172,

276 4395 111 55 426,
426 4393 120 57 216;
588 4390 243 60 Vanner
871 4380 223 70 Barton
1138 4374 135 76 138t.
1318 4371 154 79 138b;
1515 4368 69 82 A.
1627 4365 333 85 Thompson
2001 4360 111 90 318,
2154 4359 117 91 430;
2316 4356 157 94 Cecil
2517 4356 252 94 Sanders

285 4473 132 55 123t,
453 4468 142 60 317t;
636 4462 321 66 Chairman
991 4456 112 72 340.

411 4581 142 51 Rest
585 4578 60 54 10
673 4570 277 61 Minutes.
