3000 4800
825 163 324 51 ANNUAL
1185 166 301 49 SACRED
1522 169 208 46 HARP
1767 168 363 48 SINGINGS

2664 165 63 49 57

490 348 178 81 Old
738 352 373 81 Corinth
1182 357 397 103 Singing,
1650 358 406 102 Winston
2125 357 345 103 County

1276 514 144 57 July
1455 517 75 55 13,
1564 516 126 57 1958

361 642 166 48 Class
567 640 195 49 called
802 643 61 46 to
903 642 180 49 order
1120 643 84 58 by
1243 643 129 58 Sim
1411 643 348 58 Wakefield.
1833 645 225 57 Prayer
2097 643 81 58 by
2217 642 61 60 E.
2320 642 69 60 A.
2433 640 297 61 Woodley.

226 720 126 49 The
385 720 148 49 class
564 718 181 51 voted
777 718 60 51 to
871 720 195 49 retain
1096 720 102 49 the
1231 733 160 36 same
1426 720 241 49 officers
1701 733 61 36 as
1797 735 33 34 a
1861 733 142 43 year
2038 730 123 46 ago.
2229 718 126 58 Sim
2386 718 345 58 Wakefield,

237 798 334 55 Chairman;
609 796 61 57 E.
705 796 70 57 A.
810 796 300 57 Woodley,
1144 798 144 55 Vice
1324 796 339 57 Chairman;
1704 799 115 54 and
1852 796 187 57 Alene
2074 796 297 57 Woodley,
2409 795 324 58 Secretary.

237 874 334 58 Arranging
619 873 370 60 Committee,
1041 874 226 58 Bennie
1318 874 195 58 Capps
1566 874 114 58 and
1731 874 40 58 I.
1822 874 67 58 G.
1939 873 297 60 Woodley.
2319 871 156 61 First
2518 871 217 61 leader,

238 954 220 48 Arthur
492 951 195 57 Ward;
723 951 192 57 Wiley
946 951 363 58 Donaldson;
1344 951 115 58 Lee
1494 949 339 60 Chambers,
1867 949 238 60 Charlie
2137 951 201 58 Berry,
2371 949 181 60 Joyce
2584 949 148 60 Nor-

238 1032 91 57 ris,
363 1032 141 57 Mrs.
537 1029 295 60 Welborn,
867 1027 237 61 Marion
1137 1027 259 61 Chaffin,
1431 1026 319 63 Chairman
1782 1039 114 49 one
1926 1038 160 51 song.

369 1126 141 48 Rest
546 1126 58 48 10
637 1123 277 51 Minutes.

370 1221 207 49 Called
618 1222 61 48 to
720 1219 178 51 order
936 1219 81 54 by
1054 1219 61 54 E.
1156 1218 72 55 A.
1270 1216 297 57 Woodley,
1611 1216 222 57 Walter
1872 1215 345 58 Wakefield,
2259 1213 226 60 Bennie
2527 1213 210 60 Capps,

244 1303 39 46 I.
324 1302 66 48 G.
430 1299 298 55 Woodley,
771 1296 169 58 Alice
981 1296 193 58 Ward,
1215 1294 201 60 Hattie
1458 1293 258 61 Chaffin,
1756 1293 193 61 Virgil
1986 1291 181 63 Waid,
2211 1291 124 63 Ben
2377 1290 187 64 Noris,
2607 1290 132 64 Van

247 1380 153 55 Cole,
430 1378 157 57 Faye
616 1374 351 61 Wakefield,
997 1372 322 63 Chairman
1348 1384 111 51 one
1489 1380 157 55 song.

378 1474 127 48 One
535 1470 153 52 hour
715 1470 96 52 for
838 1468 198 54 lunch.

378 1566 207 49 Called
610 1564 61 51 to
702 1563 175 52 order
906 1563 79 57 by
1017 1560 336 60 Chairman,
1383 1560 108 60 Joe
1522 1557 267 63 Guthrie,
1819 1557 156 63 John
2005 1555 231 64 Hocutt,
2268 1554 192 66 Willie
2490 1552 249 67 Rhodes,

240 1645 282 48 Jennette
556 1639 223 57 Norris,
816 1639 192 57 Helen
1041 1636 348 60 Wakefield,
1423 1636 199 60 Agnes
1656 1633 168 63 Wall;
1863 1633 151 63 Silas
2049 1632 211 64 Curtis,
2296 1632 63 64 R.
2395 1630 69 66 A.
2499 1629 243 67 Canant,

252 1723 198 48 Ganus
481 1717 349 55 Wakefield,
868 1714 322 58 Chairman
1224 1728 111 45 one
1371 1722 159 51 song.

378 1815 142 49 Rest
553 1815 61 49 10
645 1812 279 52 Minutes.

382 1908 205 51 Called
624 1908 61 51 to
723 1908 175 51 order
934 1906 79 55 by
1053 1903 334 58 Chairman,
1425 1899 258 63 Richard
1717 1899 265 63 Thomas,
2022 1896 243 66 Emmitt
2301 1894 267 67 Bennett,
2605 1891 138 70 Elec

243 1987 256 57 Godsey,
532 1987 96 57 Ira
658 1986 177 58 Grey,
867 1980 253 64 Wilford
1150 1978 348 66 Wakefield,
1530 1977 124 67 The
1684 1975 319 69 Chairman
2034 1972 261 72 thanked
2326 1983 294 61 everyone
2649 1969 97 75 for

253 2065 153 48 their
441 2064 139 58 help
618 2061 117 61 and
769 2059 231 63 invited
1035 2070 295 52 everyone
1366 2056 151 66 back
1554 2055 144 67 next
1731 2065 157 57 year.
1959 2049 238 73 Closing
2235 2059 157 63 song,
2431 2046 316 76 "Amazing

253 2140 220 52 Grace"
519 2140 81 57 by
643 2139 100 58 the
793 2136 337 61 Chairman,
1180 2134 115 63 and
1342 2131 157 66 John
1545 2130 201 67 Blake.
1827 2127 384 70 Benediction
2253 2127 79 70 by
2377 2125 139 72 Rev.
2568 2124 60 73 C.
2677 2124 69 73 G.

252 2221 159 48 Cole.

1161 2322 135 49 SIM
1332 2317 468 55 WAKEFIELD,
1839 2314 318 58 Chairman

1162 2434 61 46 E.
1255 2433 70 48 A.
1356 2428 394 55 WOODLEY,
1780 2425 142 58 Vice
1954 2425 318 58 Chairman

1162 2544 252 48 ALENE
1444 2538 394 57 WOODLEY,
1870 2535 309 60 Secretary

1477 2740 67 66 *

459 2970 375 81 Chaffin
903 2962 207 88 And
1182 2958 448 93 Harbison
1704 2953 411 97 Reunion
2191 2947 364 103 Singing

847 3123 126 48 Met
1003 3123 60 48 at
1089 3120 147 51 New
1263 3112 280 60 Prospect
1569 3138 69 34 —
1663 3109 139 63 July
1836 3109 73 63 19,
1939 3108 78 64 20,
2050 3106 124 66 1958

396 3258 207 49 Called
640 3255 60 52 to
741 3253 175 54 order
955 3246 295 61 Saturday
1290 3238 273 69 morning
1600 3235 78 72 by
1717 3235 63 72 R.
1821 3234 67 73 A.
1929 3232 246 75 Canant;
2248 3231 220 76 Prayer
2506 3228 78 79 by
2623 3226 130 81 Em¬

255 3337 142 48 mitt
435 3333 234 55 Benett;
745 3328 283 60 Business
1065 3321 241 67 session,
1345 3315 234 73 Marion
1617 3310 258 78 Chaffin,
1912 3307 337 81 Chairman;
2292 3304 234 84 Charlie
2568 3303 189 85 Creel,

261 3414 144 49 Vice
450 3411 342 52 Chairman;
838 3402 117 61 and
997 3402 61 61 C.
1102 3399 61 64 E.
1207 3393 255 70 Calvert,
1509 3388 307 75 Secretary
1860 3385 114 78 and
2016 3385 330 78 Treasurer.
2422 3379 337 84 Arranging

264 3489 370 54 Committee,
672 3486 61 57 T.
772 3483 69 60 G.
879 3478 190 64 Hollis
1108 3475 115 67 and
1260 3469 214 73 Johnie
1510 3466 237 76 Parker.
1818 3462 154 81 First
2007 3462 213 81 leader,
2257 3457 144 85 Ellis
2437 3456 321 87 Murphree

267 3568 232 58 singing
535 3564 285 63 welcome
859 3559 214 67 lesson;
1114 3552 72 75 H.
1225 3549 61 78 C.
1326 3546 246 81 Golden,
1611 3541 82 85 W.
1729 3540 69 87 A.
1837 3537 259 90 Chaffin,
2133 3537 52 90 J.
2223 3537 66 90 R.
2326 3535 322 91 Dunaway,
2688 3531 70 96 A.

264 3648 354 55 Thompson,
648 3636 222 67 Egbert
895 3631 142 72 Self.

397 3738 144 48 Rest
576 3736 60 49 10
667 3729 279 57 Minutes.

400 3834 199 46 House
630 3823 193 57 called
849 3823 60 57 to
937 3819 175 61 order
1140 3816 78 64 by
1243 3811 142 69 Vice
1414 3807 318 73 Chairman
1759 3801 231 79 singing
2016 3801 115 79 374;
2160 3799 60 81 E.
2247 3798 67 82 N.
2341 3798 237 82 Parker,
2607 3795 153 85 Gay-

267 3925 100 34 ree
408 3912 202 52 Moon;
655 3906 67 58 R.
766 3901 79 63 M.
891 3892 267 72 Tidwell,
1200 3889 144 75 Miss
1387 3882 198 82 Mabel
1630 3879 316 85 Grimmitt,
1992 3876 243 88 Emmitt
2277 3873 265 91 Bennett,
2589 3873 63 91 R.
2700 3871 61 93 L.

267 3988 162 49 Reed
466 3982 210 55 Carrol
714 3973 327 64 Campbell,
1078 3966 195 72 Annie
1314 3961 186 76 Creel,
1539 3958 145 79 Elna
1723 3954 253 84 Calvert,
2016 3952 217 85 Rachel
2271 3951 291 87 Hancock.

1069 4104 415 58 SATURDAY
1516 4096 463 66 AFTERNOON

405 4255 207 54 Called
648 4248 271 61 together
954 4245 79 64 by
1068 4237 214 72 Johnie
1317 4233 225 76 Parker
1576 4225 231 84 singing
1843 4225 106 84 145,
1986 4224 136 85 Mrs.
2158 4222 48 87 J.
2242 4221 64 88 R.
2341 4221 321 88 Dunaway,
2698 4218 67 91 O.

267 4341 70 48 H.
367 4335 292 54 Handley,
691 4327 150 61 Tina
868 4320 342 69 Blackman,
1240 4309 259 79 Carolyn
1528 4303 379 85 McClendon,
1938 4299 202 90 Elbert
2167 4297 192 91 Kilgo,
2389 4296 154 93 Elsie
2571 4294 195 94 Moon,

258 4420 127 46 Bee
427 4413 156 54 Wise
625 4408 157 58 from
822 4392 358 75 Mississippi
1221 4398 142 69 sang
1404 4387 78 79 45,
1527 4383 60 84 in
1627 4392 264 75 memory
1935 4377 61 90 of
2035 4375 90 91 his
2166 4375 195 91 father
2400 4372 156 94 John
2598 4371 169 96 Wise,

261 4491 261 54 Londell
555 4477 324 67 Grimmitt,
913 4473 174 72 Pearl
1122 4465 259 79 Chaffin.

403 4582 142 51 Rest
583 4579 58 54 10
675 4570 277 63 Minutes.
