3000 4800
256 210 61 45 58
496 207 393 54 ALABAMA,
939 205 354 55 GEORGIA,
1342 201 456 60 MISSISSIPPI,
1848 196 162 64 AND
2061 184 433 76 TENNESSEE

393 382 202 48 Called
628 379 265 57 together
928 379 78 57 by
1042 378 378 58 Chairman...
1458 378 66 58 G.
1560 376 81 60 W.
1677 373 307 63 Harbison,
2022 369 138 67 Mrs.
2197 363 337 73 Blackman,
2572 363 147 73 Mon¬

258 474 99 33 roe
411 457 292 54 Edwards,
759 456 226 55 Sharon
1038 453 471 58 Higginbotham,
1564 450 222 61 Arthur
1842 444 321 67 Grimmitt,
2217 439 229 72 Tressie
2500 438 217 73 Atkins;

261 537 208 46 Closed
502 534 144 49 with
681 544 211 45 prayer
925 532 76 57 by
1036 531 130 58 Bro.
1204 528 234 61 Charlie
1473 526 190 63 Kilgo.
1729 526 81 63 To
1845 523 157 66 meet
2040 520 240 69 Sunday
2316 516 285 73 morning.

1143 670 309 48 SUNDAY
1489 667 355 51 MORNING

394 805 160 46 Class
597 802 187 49 called
826 799 265 58 together
1134 799 78 58 by
1255 796 229 61 Marion
1530 793 241 64 Chaffin
1813 792 232 66 singing
2089 790 82 67 27;
2218 790 222 67 Prayer
2482 789 76 69 by
2599 790 120 67 Bro.

262 880 312 60 Copeland.
643 879 316 61 Chairman
994 886 139 54 sang
1170 876 82 64 63;
1288 873 267 67 Leaders,
1593 871 81 69 W.
1708 870 60 70 E.
1804 870 300 70 Freeman,
2142 865 160 75 Reba
2338 865 138 75 Rye,
2512 867 204 73 Bennie

262 961 205 55 Capps,
511 955 241 61 Claudie
793 955 262 61 Freman,
1099 952 178 64 Oscar
1321 949 159 67 Cain,
1522 946 198 70 Hattie
1762 945 256 72 Chaffin,
2061 945 69 72 H.
2173 943 61 73 C.
2280 942 241 75 Golden,
2562 943 156 73 Flora

262 1036 201 54 Hollis,
498 1035 66 55 A.
598 1032 345 58 Thompson,
976 1030 135 60 Mrs.
1149 1029 63 61 O.
1245 1029 67 61 H.
1345 1024 285 66 Handley.

394 1128 136 48 Rest
567 1128 57 48 10
655 1125 270 51 Minutes.

397 1221 199 48 Called
631 1219 58 49 to
723 1219 171 49 order
927 1218 76 55 by
1036 1216 139 57 Vice
1213 1213 316 60 Chairman
1564 1210 229 63 singing
1827 1210 111 63 212.
2007 1207 268 66 Leaders,
2311 1206 240 67 Emmitt
2583 1207 133 66 Ben¬

262 1299 139 54 nett,
453 1296 216 57 Rachel
718 1294 289 58 Hancock,
1060 1291 220 61 Luther
1330 1288 252 64 Calvert,
1636 1287 217 66 Bertha
1900 1287 253 66 Henson,
2209 1285 64 67 O.
2328 1284 67 69 H.
2449 1284 268 69 Handley,

265 1374 241 55 Chrytal
538 1372 148 57 Hall,
720 1372 111 57 Oto
861 1369 219 60 Allred,
1116 1366 198 63 Ozella
1347 1365 255 64 Chaffin,
1635 1365 69 64 A.
1738 1363 61 66 C.
1833 1362 189 67 Ward,
2055 1362 238 67 Vanner
2325 1360 232 69 Barton,
2589 1360 129 69 Tom

264 1450 210 48 Miller.

1090 1587 306 48 SUNDAY
1438 1584 459 51 AFTERNOON

399 1720 199 46 Called
631 1720 57 46 to
721 1719 169 48 order
921 1717 76 55 by
1027 1717 60 55 T.
1122 1716 66 57 G.
1221 1714 187 58 Hollis
1441 1713 229 60 singing
1707 1711 147 61 166b.
1923 1711 268 61 Leaders,
2226 1710 136 63 Mrs.
2398 1708 316 64 Blackman,

267 1798 61 45 R.
370 1797 67 46 A.
481 1795 223 48 Canant
748 1792 112 51 and
900 1792 141 51 Tom
1081 1791 196 52 Miller
1318 1791 133 52 who
1494 1789 207 55 taught
1743 1788 231 57 singing
2019 1786 198 58 school
2259 1786 141 58 here
2443 1785 160 60 stood
2643 1786 73 58 to¬

268 1873 201 55 gether
507 1872 112 57 and
657 1869 256 60 directed
949 1869 115 60 two
1102 1879 184 49 songs,
1326 1867 186 61 Marie
1549 1867 181 61 Ryan,
1770 1866 159 63 Lucy
1969 1863 186 66 Marie
2194 1863 276 66 Heidron,
2508 1861 211 67 Tressie

267 1948 226 54 Atkins,
538 1947 211 55 Ruffus
790 1944 259 58 Tidwell,
1095 1944 229 58 Maggie
1369 1942 234 60 McCoy,
1653 1941 184 61 Claud
1885 1941 220 61 Murry,
2154 1939 213 63 Johnie
2412 1938 307 64 Anderson,

267 2025 136 46 Mrs.
439 2023 331 48 Blackman.

400 2116 136 46 Rest
571 2116 57 46 10
660 2113 268 49 Minutes.

400 2208 201 46 Called
637 2209 57 45 to
733 2208 169 46 order
940 2206 76 54 by
1054 2205 139 55 Vice
1234 2205 315 55 Chairman
1590 2203 229 57 singing
1858 2205 115 55 two
2016 2214 186 46 songs.
2275 2203 264 57 Leaders,
2580 2203 141 57 Elsie

268 2284 189 55 Moon,
492 2283 183 57 Marie
708 2283 180 57 Ryan,
921 2283 226 57 Namon
1180 2280 253 60 Chaffin,
1468 2280 319 60 Gladstone
1822 2280 294 60 Woodley,
2151 2280 193 60 Annie
2380 2280 180 60 Creel,
2593 2280 124 60 Mrs.

268 2359 286 54 McGraw,
592 2359 222 54 Arnold
853 2358 252 55 Chaffin,
1146 2358 177 55 Oscar
1359 2356 322 57 Anderson,
1722 2358 61 55 R.
1821 2358 67 55 A.
1929 2356 226 57 Canant
2193 2356 111 57 209,
2346 2356 207 57 Closed
2587 2356 133 57 with

264 2449 208 42 prayer
505 2436 75 55 by
613 2436 175 55 Oscar
822 2434 319 57 Anderson.
1206 2433 79 58 To
1318 2434 153 57 meet
1503 2433 157 58 third
1695 2433 238 58 Sunday
1968 2434 114 57 and
2115 2434 291 57 Saturday
2439 2433 195 58 before
2665 2433 54 58 in

267 2511 154 55 July,
459 2511 136 55 1959.

1152 2620 303 46 MARION
1495 2619 346 57 CHAFFIN,
1884 2619 318 57 Chairman

1153 2713 328 46 CHARLIE
1528 2713 252 55 CREEL,
1824 2715 142 54 Vice
2011 2715 319 54 Chairman

1155 2806 58 46 C.
1249 2806 58 46 L.
1345 2806 403 57 GARRISON,
1785 2806 256 57 finished
2076 2809 256 54 minutes
2368 2809 235 57 Sunday
2637 2821 57 45 as

1155 2899 58 46 C.
1246 2899 58 46 E.
1339 2899 345 48 CALVERT
1716 2914 120 34 was
1869 2902 220 46 absent.

1459 3106 64 64 ★

298 3316 349 76 Walker
694 3318 339 103 County
1080 3319 318 102 Sacred
1444 3322 244 103 Harp
1741 3324 366 103 Singing
2155 3325 541 102 Convention

828 3477 288 57 Saturday
1159 3480 112 54 and
1317 3480 253 55 Sunday,
1614 3480 141 58 July
1801 3483 72 55 19,
1920 3484 78 54 20,
2044 3484 124 54 1958

394 3600 118 48 The
555 3601 385 55 forty-fourth
981 3603 219 54 session
1242 3606 60 51 of
1341 3607 99 49 the
1480 3606 235 51 Walker
1759 3609 231 57 County
2032 3612 217 54 Sacred
2290 3613 162 57 Harp
2496 3612 232 58 Singing

265 3676 364 46 Convention
661 3679 118 45 met
813 3679 57 45 at
901 3679 97 46 the
1032 3679 180 48 Court
1243 3682 195 46 House
1470 3682 58 48 in
1561 3684 223 58 Jasper,
1819 3687 301 55 Alabama.

394 3786 117 48 The
550 3787 180 46 house
769 3802 118 34 was
927 3790 186 46 called
1152 3792 58 46 to
1251 3793 169 46 order
1459 3793 78 57 by
1576 3793 97 57 the
1714 3796 322 57 President,
2079 3799 220 57 Dewey
2340 3801 300 55 McCullar
2679 3796 51 60 at

265 3862 115 46 9:30
414 3862 228 58 singing
676 3865 61 55 32
774 3865 112 55 and
919 3867 76 54 36.
1065 3868 220 55 Prayer
1317 3868 78 55 by
1429 3870 130 54 Bro.
1594 3871 63 52 R.
1693 3873 66 51 N.
1795 3873 117 51 Nix
1948 3874 307 49 President
2293 3888 141 48 sang
2472 3879 76 57 63.
2617 3877 112 58 The

262 3939 226 48 leaders
526 3954 171 33 were:
739 3942 106 46 Mr.
883 3942 253 48 Johnnie
1174 3945 181 46 Black
1393 3946 78 54 63,
1509 3948 115 54 441;
1666 3948 180 54 Oscar
1885 3949 145 52 Cain
2068 3952 111 52 340,
2218 3954 115 57 436;
2376 3955 115 55 Lee
2532 3955 198 55 Cham¬

264 4015 132 46 bers
427 4017 109 54 300,
571 4017 79 57 61;
685 4017 244 57 Ethleen
961 4020 277 55 Woodley
1270 4021 111 55 460,
1414 4023 114 55 454;
1564 4023 232 55 Martha
1830 4026 187 52 Susan
2052 4027 205 51 Butler
2289 4032 117 55 405;
2442 4032 289 58 Lougaina

264 4093 225 46 Fannin
523 4095 76 54 37,
636 4095 81 54 44;
756 4095 133 54 Will
925 4095 217 57 Sparks
1182 4098 106 54 177,
1329 4099 111 54 197;
1479 4099 60 54 R.
1578 4099 66 54 N.
1681 4101 114 52 Nix
1833 4102 109 51 200,
1980 4102 114 55 328;
2136 4104 198 54 Elisha
2371 4108 220 49 Adams
2632 4108 100 55 112,

267 4170 109 54 176;
412 4168 193 55 Elisha
637 4171 265 52 DuBoise
934 4173 109 55 457,
1078 4174 109 54 290,
1221 4174 168 54 Delia
1420 4176 183 52 Watts
1639 4177 105 54 129,
1780 4177 76 54 56.

394 4281 138 48 Rest
567 4282 57 46 10
657 4281 270 49 Minutes.

394 4393 193 46 House
633 4392 184 48 called
861 4393 57 46 to
961 4396 172 45 order
1174 4395 78 55 by
1294 4395 141 55 Vice
1480 4396 319 54 President,
1846 4398 244 52 Chester
2136 4399 171 51 Creel
2352 4405 234 63 singing
2631 4411 106 57 396,

261 4470 115 54 411;
411 4470 235 54 Vanner
676 4470 219 54 Barton
930 4471 106 55 109,
1068 4473 114 54 421;
1218 4471 183 55 Floyd
1434 4471 177 55 Davis
1644 4473 109 54 430,
1788 4474 114 57 318;
1936 4474 217 57 Alphia
2184 4477 261 54 Pittman
2482 4489 108 55 192,
2628 4489 108 55 193;

264 4546 135 48 Otto
433 4546 205 48 Allred
676 4548 105 54 126,
817 4548 114 55 432;
969 4548 231 55 Martha
1234 4548 312 55 Frederick
1582 4548 111 55 371,
1729 4549 114 55 336;
1882 4551 175 54 Louis
2092 4552 111 55 384,
2241 4555 114 55 269;
2395 4558 171 55 Delia
2604 4566 138 49 Holt
