3000 4800
840 162 327 52 ANNUAL
1204 168 298 49 SACRED
1540 171 207 49 HARP
1786 172 360 49 SINGINGS

2680 174 66 48 61

238 337 222 57 Dewey
499 337 204 57 Hyatt.
781 340 325 54 Chairman
1149 358 144 48 sang
1336 349 112 57 274,
1492 349 117 58 300;
1657 351 61 57 C.
1759 352 67 55 A.
1872 349 228 60 Wright
2145 352 108 57 123,
2301 351 108 58 126,
2454 351 114 58 379;
2614 351 130 58 Roy

243 415 216 49 Brown
496 415 111 57 127,
646 418 114 55 159;
799 418 141 55 Mrs.
975 421 147 52 Tom
1155 424 184 55 Hyatt
1372 426 112 57 203,
1522 427 115 55 328;
1675 427 139 55 Mrs.
1851 427 234 55 Marcus
2121 427 174 60 Light
2329 429 111 58 214,
2476 429 112 58 216,
2625 429 118 58 224;

241 495 49 49 J.
325 493 61 51 P.
423 493 223 51 Hawks
684 495 81 57 47,
805 498 111 57 112,
955 499 114 55 335.

373 588 141 48 Rest
550 588 60 49 10
642 588 282 52 Minutes.

375 682 165 49 Class
579 682 195 51 called
811 685 60 49 to
912 687 177 49 order
1126 688 79 57 by
1246 688 321 57 Chairman
1605 691 234 57 singing
1876 691 117 58 354;
2035 691 108 58 Mr.
2184 693 285 57 Holcomb
2509 693 79 58 45,
2628 693 118 58 434,

246 763 115 57 358;
394 760 141 60 Mrs.
567 760 166 60 Julia
765 762 297 60 Rutledge
1098 766 109 57 155,
1246 768 109 55 189,
1392 768 117 57 200;
1546 768 141 57 Mrs.
1720 768 202 57 Milelr
1959 769 108 57 143,
2104 769 79 57 63.

378 855 127 49 One
534 853 154 51 hour
714 855 97 49 for
838 855 201 51 lunch.

376 951 90 57 By
505 948 319 60 invitation
862 951 102 57 the
1006 951 223 57 church
1267 952 214 60 spread
1519 954 183 58 lunch
1740 954 147 58 with
1924 955 100 57 the
2065 955 309 57 Klecklers
2413 955 133 57 who
2587 970 162 42 were

250 1027 216 58 having
504 1026 157 60 their
702 1029 223 57 annual
963 1029 213 58 family
1215 1030 253 57 reunion
1507 1030 60 57 at
1606 1030 100 57 the
1749 1030 201 57 school
1989 1032 270 58 building
2301 1033 304 58 adjoining
2644 1032 106 60 the

252 1104 219 51 church
504 1107 301 57 property.
874 1105 57 58 A
966 1107 339 57 wonderful
1339 1105 181 58 lunch
1557 1122 121 42 was
1716 1108 255 58 enjoyed
2005 1108 79 58 by
2122 1110 94 57 all.

379 1198 208 49 Called
616 1198 60 49 to
709 1198 177 49 order
915 1200 79 57 by
1027 1200 124 57 Coy
1180 1201 255 55 Putman
1467 1201 234 58 singing
1729 1201 112 58 278,
1878 1203 112 57 123;
2023 1203 220 57 Dewey
2275 1203 181 57 Hyatt
2487 1204 112 57 340,
2631 1204 112 57 318,

250 1278 112 55 298;
397 1276 138 57 Will
568 1276 195 57 Smith
799 1278 111 55 110,
946 1278 111 57 183,
1089 1278 118 57 217;
1239 1278 148 57 Miss
1419 1278 175 57 Billie
1627 1279 223 55 Jordan
1884 1279 112 55 436,
2031 1279 117 58 215;
2182 1281 139 57 Mrs.
2355 1281 60 57 T.
2449 1281 70 57 A.
2551 1281 198 57 Jester

250 1354 100 49 77t.
390 1354 112 55 424,
543 1354 117 55 294;
705 1354 109 55 Mr.
856 1354 289 55 Holcomb
1186 1356 112 55 306,
1341 1356 112 55 422,
1495 1356 118 55 327;
1654 1356 145 55 Miss
1839 1356 183 57 Joyce
2062 1356 225 57 Jordan
2326 1357 112 57 418,
2484 1357 109 57 143,
2634 1357 115 58 212,

252 1434 115 54 405;
396 1431 139 57 Mrs.
567 1431 291 57 Holcomb
888 1432 118 57 313;
1038 1432 199 57 Agnes
1267 1432 336 58 Thompson
1632 1434 117 57 339;
1782 1432 318 58 Chairman
2128 1434 112 57 457.

384 1525 139 48 Rest
558 1527 61 48 10
651 1524 279 51 Minutes.

385 1620 205 49 Called
621 1621 60 48 to
712 1621 177 48 order
916 1621 81 55 by
1029 1621 126 57 Coy
1183 1621 256 57 Putman
1470 1620 231 60 singing
1731 1621 79 58 47,
1845 1623 109 57 165,
1986 1621 115 58 and
2131 1623 112 57 301,
2274 1621 79 58 by
2383 1621 252 58 request,
2665 1621 82 58 by

247 1698 291 49 members
579 1699 63 48 of
681 1698 100 49 the
822 1698 286 49 Kleckler
1147 1698 271 55 reunion;
1462 1699 240 55 Harvey
1744 1698 282 57 Kleckler
2067 1698 61 57 of
2169 1699 187 55 Texas
2395 1708 142 46 sang
2578 1699 169 55 three

250 1786 169 46 songs
454 1776 156 57 from
645 1776 102 57 the
784 1774 223 58 church
1042 1776 177 57 book;
1260 1774 321 58 Chairman
1615 1786 144 46 sang
1794 1776 111 57 200,
1944 1776 112 57 288,
2092 1776 94 57 for
2221 1774 345 58 Kleckler's;
2607 1776 139 57 Mrs.

252 1854 145 48 Tom
432 1852 187 57 Hyatt
652 1854 82 55 46,
775 1852 115 57 334,
930 1852 321 58 requested
1290 1852 79 58 by
1408 1852 129 58 Roy
1576 1854 232 57 Brown,
1851 1852 139 58 Mrs.
2031 1852 234 58 Kennie
2305 1851 286 60 Holcomb
2637 1852 109 58 100,

253 1932 108 55 119;
403 1930 138 57 Mrs.
580 1930 153 57 Jean
769 1930 198 57 Jester
1009 1930 108 57 167,
1156 1930 117 57 278;
1315 1929 160 58 Julia
1513 1929 289 58 Rutledge
1842 1929 111 58 208,
1993 1929 115 58 323;
2154 1929 316 58 Chairman
2508 1930 79 57 42,
2628 1929 117 58 209;

256 2008 232 58 Hoping
516 2007 58 60 to
604 2007 160 60 meet
792 2007 153 60 back
973 2005 64 61 in
1068 2007 144 60 1959.
1272 2005 126 61 The
1425 2005 280 61 Kleckler
1735 2005 249 61 reunion
2013 2005 126 61 will
2166 2005 72 61 be
2268 2005 138 61 held
2434 2005 63 61 in
2527 2004 220 63 Sweet

259 2085 193 57 water,
490 2085 207 57 Texas,
735 2083 145 58 time
916 2083 105 58 not
1060 2082 364 60 announced.
1498 2082 385 60 Benediction
1921 2082 78 60 by
2038 2082 204 60 Oliver
2280 2082 303 60 Rutledge.

1159 2193 318 49 MARCUS
1515 2193 249 57 LIGHT,
1803 2191 319 58 Chairman

1162 2304 154 49 COY
1351 2304 339 57 PUTNAM,
1725 2302 144 58 Vice
1905 2302 318 58 Chairman

256 2728 427 79 Alabama
756 2727 235 81 State
1062 2722 325 85 Sacred
1453 2721 246 102 Harp
1770 2719 367 103 Musical
2203 2719 546 103 Association

1231 2880 145 58 July
1414 2880 82 58 26,
1533 2880 81 58 27,
1656 2880 126 58 1958

388 3013 264 49 Minutes
682 3013 63 49 of
772 3012 133 51 59th
931 3009 243 54 Annual
1204 3007 238 55 Session
1471 3006 61 57 of
1558 3004 288 58 Alabama
1875 3003 163 60 State
2070 3003 216 60 Sacred
2313 3003 162 60 Harp
2503 3001 250 61 Musical

258 3091 370 49 Association
664 3090 142 51 held
841 3088 64 52 in
945 3102 34 39 a
1015 3085 154 60 joint
1206 3084 226 61 session
1468 3081 147 64 with
1653 3079 322 66 Chambers
2014 3079 232 66 County
2284 3079 367 66 Convention
2692 3078 61 67 at

261 3169 198 49 school
495 3166 364 52 auditorium
894 3165 64 54 in
993 3162 333 58 LaFayette
1366 3159 343 61 (Chambers
1747 3156 255 64 County)
2040 3156 300 64 Alabama,
2377 3154 142 66 July
2554 3156 79 64 26,
2670 3154 81 66 27,

261 3247 139 49 1958.

388 3339 244 49 Annual
663 3337 226 51 session
918 3336 97 52 for
1048 3333 129 55 1959
1206 3331 63 57 to
1299 3330 73 58 be
1405 3327 139 61 held
1578 3330 58 58 at
1665 3325 264 63 Masonic
1959 3325 138 63 Hall
2127 3324 63 64 in
2218 3324 214 64 Morris
2464 3324 288 64 Alabama

265 3418 321 52 (Jefferson
618 3414 259 57 County)
912 3412 147 58 July
1089 3411 79 60 25,
1201 3408 64 63 26
1299 3406 162 64 ,1959.

391 3513 166 48 Class
594 3508 193 52 called
819 3507 61 54 to
916 3505 177 55 order
1125 3502 82 58 by
1239 3501 109 60 Joe
1384 3499 213 61 Myers,
1633 3495 322 66 President.
2025 3495 220 66 Prayer
2278 3495 79 66 by
2392 3495 67 66 O.
2496 3495 82 66 W.
2613 3492 138 69 Wil

258 3589 184 49 liams.
520 3588 144 51 Two
706 3595 175 48 songs
927 3582 81 61 by
1051 3579 120 64 Bill
1213 3579 219 64 Avery,
1477 3573 141 70 Vice
1663 3571 325 72 President;
2037 3571 141 72 Two
2223 3582 172 61 songs
2442 3570 79 73 by
2566 3570 78 73 M.
2691 3568 61 75 F.

258 3666 372 51 McWhorter
660 3661 183 55 while
873 3657 307 63 president
1209 3655 112 64 Joe
1350 3652 214 67 Myers,
1599 3649 117 70 and
1744 3648 141 72 Vice
1918 3646 309 73 President
2257 3648 118 72 Bill
2404 3646 216 73 Avery,
2655 3660 97 60 ap

256 3745 243 60 pointed
534 3739 322 66 arranging
889 3732 354 73 committee,
1279 3730 160 75 since
1473 3727 99 78 the
1606 3724 237 81 regular
1878 3724 334 81 committee
2244 3738 121 67 was
2400 3723 219 82 absent.

388 3838 226 49 Lemon
669 3835 237 52 Brown,
963 3828 342 60 Chairman;
1360 3820 267 67 Kennith
1680 3817 199 70 Moris,
1935 3819 96 69 Ira
2077 3817 213 70 James,
2346 3819 159 69 Hoyt
2559 3817 193 70 Cagle,

256 3915 189 51 Reece
483 3913 261 58 Hughes.
817 3907 223 64 Report
1080 3904 64 67 of
1180 3898 369 73 Committee,
1587 3897 70 75 A.
1693 3897 63 75 L.
1795 3895 217 76 Hanks,
2052 3894 69 78 A.
2158 3894 52 78 J.
2248 3894 268 78 McGlon,
2557 3892 198 79 Curtis

256 3991 205 60 Berry,
492 3993 157 58 Jean
678 3987 240 64 Forbes,
948 3985 144 66 Mrs.
1122 3981 63 70 T.
1218 3981 63 70 C.
1312 3976 274 75 Jackson,
1618 3973 69 78 U.
1720 3972 57 79 S.
1809 3970 235 81 Bishop,
2077 3972 139 79 Mrs.
2248 3970 244 81 Kennth
2521 3970 232 81 Morris,

256 4071 52 51 J.
339 4071 61 51 T.
432 4069 250 55 Tucker,
714 4066 141 58 Mrs.
886 4060 186 64 Hazel
1102 4057 196 67 Cagle.

388 4164 142 51 Rest
565 4164 61 51 10
658 4158 280 57 Minutes.

390 4260 168 51 Class
591 4254 192 57 called
816 4252 60 58 to
912 4248 175 63 order
1117 4245 82 66 by
1231 4243 159 67 Hoyt
1423 4239 195 72 Cagle.
1684 4234 220 76 Report
1938 4234 61 76 of
2032 4234 364 76 Committee,
2431 4234 63 76 C.
2527 4234 60 76 E.
2623 4233 130 78 Cal

252 4338 148 58 vert,
438 4333 223 63 Mamie
700 4327 268 69 Jenkins,
1011 4323 141 73 Carl
1186 4320 274 76 Jackson,
1500 4314 213 82 Jewell
1747 4312 244 84 Hullett,
2031 4312 121 84 Fay
2190 4311 331 85 Frederick,
2560 4309 193 87 Willie

250 4377 150 90 Mae'
439 4411 270 55 Latham,
765 4402 198 64 Willie
1015 4399 283 67 Broxton,
1354 4392 300 75 Margaret
1708 4390 148 76 Kay,
1912 4389 270 78 Leonard
2233 4387 231 79 Morris,
2518 4387 237 79 Martha

249 4491 286 57 Braswel,
565 4482 288 66 Kenneth
883 4477 267 70 Gamble,
1183 4473 180 75 Leola
1393 4467 244 81 Wright,
1669 4467 63 81 L.
1764 4467 69 81 H.
1866 4465 271 82 Jackson.

385 4588 132 51 One
546 4581 157 58 hour
727 4575 99 64 for
852 4570 199 69 lunch.
