3033 4821
277 204 33 48 4
519 204 394 58 ALABAMA,
961 207 357 57 GEORGIA,
1365 205 457 58 MISSISSIPPI,
1870 202 162 61 AND
2080 190 436 73 TENNESSEE

274 376 181 49 Third
496 403 69 22 —
606 378 375 60 Hackleburg
1023 378 232 60 Marion
1297 378 234 60 County

273 468 183 51 Third
493 493 67 25 —
600 469 159 58 King
802 469 213 58 School
1057 471 210 57 House,
1311 468 271 60 between
1623 469 171 58 Lynn
1837 466 115 61 and
1996 463 306 64 Hamilton

274 561 181 49 Third
495 586 70 24 —
606 561 369 58 Albertville,
1021 562 61 57 at
1125 559 177 60 Little
1348 561 232 58 Branch
1626 561 306 58 Primitive
1980 556 232 63 Baptist
2262 553 250 66 Church,
2560 553 138 66 four

408 636 202 49 blocks
655 637 159 48 West
858 636 61 49 of
964 636 364 49 Courthouse
1375 649 76 36 on
1497 636 289 58 Highway
1834 637 93 57 241

274 726 223 49 Fourth
534 753 69 22 —
637 729 144 46 New
823 729 165 55 Hope
1033 727 126 57 (Joe
1201 727 219 57 Myers)
1470 727 60 57 12
1569 727 172 57 Miles
1782 726 315 58 Northeast
2139 724 61 60 of
2242 721 210 63 Jasper

274 817 225 49 Fourth
532 844 69 22 —
636 819 145 48 New
820 820 180 55 Hope,
1041 820 30 55 5
1108 817 172 58 Miles
1321 819 186 57 South
1546 817 61 58 of
1644 819 180 57 Jones
1864 817 225 58 Chapel

274 907 226 52 Fourth
532 939 69 21 —
636 910 145 49 New
817 910 318 55 Harmony,
1174 909 28 57 5
1240 909 172 57 Miles
1450 909 315 57 Southeast
1801 910 60 55 of
1897 910 193 58 Joppa

276 1000 223 49 Fourth
538 1027 69 22 —
643 1000 244 57 Liberty
928 1000 63 57 in
1029 1000 285 57 Franklin
1354 1000 247 58 County.

276 1092 223 49 Fourth
523 1117 69 24 —
616 1093 105 48 Mt.
747 1093 282 48 Lebanon
1056 1092 249 58 Church,
1335 1095 30 55 8
1393 1092 172 58 Miles
1594 1093 67 57 N.
1692 1095 84 55 W.
1806 1093 61 57 of
1894 1095 243 57 Fayette
2167 1093 63 58 in
2257 1093 240 60 Fayette
2529 1099 223 61 County

277 1183 223 49 Fourth
532 1210 69 22 —
637 1183 114 49 and
787 1183 292 58 Saturday
1114 1183 204 58 before
1351 1210 67 31 —
1453 1185 199 58 Shady
1690 1185 211 58 Grove,
1941 1188 30 55 4
2005 1186 172 57 Miles
2212 1189 186 54 North
2436 1189 58 54 of
2530 1194 222 51 Double

411 1260 244 57 Springs
691 1272 78 45 on
802 1260 294 58 Highway
1132 1260 109 58 195.

1230 1435 192 49 JULY
1456 1435 354 51 SUNDAYS

276 1524 226 51 Fourth
540 1527 132 57 Day
709 1525 63 58 of
808 1525 144 60 July
987 1554 70 31 —

541 1618 246 58 Liberty
829 1620 58 57 at
930 1620 247 57 Helicon

547 1711 115 49 Old
697 1713 133 49 Flat
865 1714 228 57 Woods,
1131 1728 145 43 near
1309 1716 261 60 Nauvoo,
1609 1717 286 58 Alabama

546 1804 235 60 Godsey
811 1807 270 57 Reunion
1113 1809 60 55 at
1203 1809 199 61 Shady
1434 1810 211 60 Grove,
1677 1813 31 57 4
1740 1812 169 58 Miles
1941 1815 187 55 North
2161 1816 61 54 of
2253 1816 225 54 Double
2512 1821 238 63 Springs;

543 1899 178 49 Tome
765 1900 156 58 High
964 1900 214 58 School

277 1989 157 52 First
478 2019 69 22 —
594 1993 115 49 and
757 1993 295 61 Saturday
1098 1996 204 58 before
1351 2025 69 30 —
1467 1999 232 60 County
1749 2001 364 58 Convention
2166 2007 61 52 at
2274 2007 477 64 Lawrenceburg,

411 2067 327 52 Tennessee

277 2161 157 51 First
457 2190 69 22 —
553 2164 115 49 and
697 2164 295 61 Saturday
1018 2167 204 58 before
1249 2199 69 27 —
1344 2169 273 57 Pleasant
1645 2172 183 60 Ridge
1861 2173 378 61 Convention,
2274 2178 58 57 11
2364 2178 169 57 Miles
2563 2181 186 54 North

412 2241 61 48 of
514 2239 213 61 Gordo,
769 2242 289 58 Alabama

277 2332 157 52 First
466 2359 69 25 —
570 2335 312 49 Mountain
916 2337 168 51 View
1123 2337 237 51 Church

277 2425 157 52 First
463 2454 69 24 —
562 2430 147 48 New
742 2430 132 49 Flat
904 2430 198 60 Wood,
1138 2431 268 58 between
1441 2434 232 55 Carbon
1707 2436 123 54 Hill
1863 2437 115 52 and
2011 2437 258 61 Nauvoo,
2304 2440 283 58 Alabama

277 2518 231 52 Second
549 2548 70 22 —
664 2523 117 49 and
825 2523 295 60 Saturday
1162 2524 202 58 before
1410 2557 69 25 —
1525 2527 273 55 Cullman
1843 2529 361 54 Courthouse

277 2614 231 51 Second
550 2643 69 22 —
660 2617 160 49 Mars
867 2616 123 51 Hill
1033 2619 306 49 Primitive
1386 2619 229 60 Baptist
1659 2622 249 60 Church,
1953 2637 142 45 near
2139 2626 402 60 Wiggintown.

277 2707 231 52 Second
538 2737 70 22 —
645 2709 112 52 Old
795 2712 244 51 Corinth
1078 2713 247 60 Church,
1363 2715 265 58 Winston
1665 2716 231 60 County

274 2802 229 52 Second
555 2830 69 24 —
678 2805 315 61 Talladega
1050 2806 234 60 County
1338 2808 367 58 Convention
1759 2811 60 55 at
1876 2811 294 55 Chandler
2227 2812 243 60 Springs
2523 2815 226 58 Baptist

408 2880 237 51 Church
670 2895 78 36 on
771 2883 292 58 Highway
1087 2884 76 57 48,
1194 2884 180 57 about
1398 2886 127 55 half
1551 2899 132 45 way
1708 2887 270 57 between
2005 2889 312 61 Talladega
2346 2892 115 58 and
2485 2892 261 58 Ashland

273 2971 231 52 Second
534 3000 69 24 —
634 2976 103 51 Mt.
774 2976 148 51 Zion
955 2977 250 60 Church,
1243 2979 30 58 9
1306 2979 172 58 Miles
1515 2979 184 58 South
1735 2980 61 57 of
1828 2982 304 60 Kennedy,
2167 2983 288 58 Alabama

270 3066 184 51 Third
483 3093 69 24 —
583 3069 118 48 and
733 3067 297 61 Saturday
1060 3072 205 57 before
1296 3102 69 27 —
1398 3073 261 55 Chafin's
1693 3075 115 54 and
1842 3076 333 52 Harbinson
2209 3078 267 51 Reunion
2511 3081 60 48 at
2602 3079 142 49 New

402 3145 294 58 Prospect,
730 3147 180 57 about
940 3147 28 57 5
1000 3147 174 57 Miles
1206 3148 184 55 South
1423 3150 61 54 of
1516 3151 267 58 Bremen,
1816 3151 285 58 Alabama

268 3235 181 51 Third
492 3264 69 22 —
603 3238 117 49 and
763 3240 297 60 Saturday
1102 3241 204 58 before
1350 3270 67 30 —
1459 3244 238 55 Walker
1743 3246 231 60 County
2022 3246 367 60 Convention
2434 3249 61 57 at
2541 3250 208 60 Jasper

400 3313 367 51 Courthouse

267 3405 183 49 Third
483 3432 69 22 —
588 3408 103 49 Mt.
733 3408 142 60 Oak,
916 3414 30 54 5
984 3411 175 57 Miles
1198 3414 339 54 Northwest
1575 3415 61 52 of
1675 3415 213 60 Gordo,
1926 3418 288 57 Alabama

264 3498 183 49 Third
481 3525 69 22 —
591 3501 232 60 Orange
864 3502 252 60 Church,
1155 3504 286 58 Franklin
1482 3508 247 60 County,
1770 3523 144 45 near
1951 3513 136 55 Phil
2128 3514 318 58 Campbell,
2488 3514 127 58 Ala.

264 3589 181 51 Third
478 3618 69 22 —
583 3594 103 48 Mt.
729 3594 249 60 Carmel,
1018 3600 30 54 5
1086 3598 172 55 Miles
1297 3600 139 54 East
1476 3601 63 52 of
1575 3603 282 60 Millport,
1896 3606 288 57 Alabama

259 3681 262 61 Monday
565 3685 183 58 Night
792 3688 156 55 after
991 3690 181 54 Third
1219 3693 243 58 Sunday
1506 3694 64 57 in
1614 3696 144 60 July
1800 3724 70 31 —
1915 3699 246 61 Singing
2208 3702 213 58 School
2466 3703 175 57 starts
2688 3703 61 57 at

391 3759 186 49 Boldo
625 3760 115 51 and
786 3777 292 46 everyone
1129 3768 48 55 is
1225 3768 228 55 invited
1498 3772 58 51 to
1606 3786 178 37 come.

258 3847 225 52 Fourth
517 3879 70 21 —
624 3853 117 49 and
780 3855 295 61 Saturday
1113 3859 205 57 before
1357 3889 69 27 —
1464 3862 163 54 State
1669 3867 249 49 Musical
1957 3870 385 61 Association,
2385 3874 63 57 at
2487 3874 258 57 Masonic

391 3925 138 49 Hall
565 3928 61 48 in
661 3930 229 58 Morris,
928 3931 144 60 Ala.,
1113 3936 60 55 18
1209 3937 175 54 Miles
1419 3939 190 52 North
1647 3942 64 49 of
1747 3943 408 61 Birmingham
2193 3963 76 42 on
2307 3951 115 54 Old
2458 3951 292 61 Highway

388 4003 60 46 31
490 4002 202 51 North.

253 4090 223 51 Fourth
499 4119 69 22 —
594 4096 115 48 and
735 4096 294 61 Saturday
1053 4101 204 57 before
1281 4129 69 28 —
1375 4104 214 54 Cotaco
1618 4108 370 52 Convention
2016 4116 61 48 at
2101 4116 124 51 Eva
2251 4117 232 61 Baptist
2512 4123 235 55 Church

252 4183 223 49 Fourth
511 4210 70 22 —
616 4186 220 58 Friday
874 4191 117 54 and
1029 4191 292 61 Saturday
1360 4197 205 55 before
1602 4227 70 25 —
1710 4201 346 54 Chickasaw
2101 4207 234 63 County
2377 4213 369 57 Convention

384 4261 61 46 at
486 4260 253 52 Stewart
781 4263 235 60 Chapel,
1060 4267 280 60 Houston,
1384 4270 367 63 Mississippi.

249 4350 225 48 Fourth
507 4375 69 22 —
610 4353 228 58 Dorsey
876 4354 192 57 Creek
1105 4357 250 61 Church,
1398 4362 61 57 17
1497 4363 174 55 Miles
1710 4366 57 52 S.
1807 4368 82 51 W.
1932 4371 63 48 of
2034 4371 277 55 Cullman
2350 4393 78 36 on
2467 4381 171 63 Hwy.
2682 4387 69 57 69

249 4441 223 48 Fourth
507 4467 69 22 —
612 4443 202 58 Busby
852 4446 250 60 Church,
1144 4450 30 55 2
1215 4449 172 57 Miles
1425 4453 139 52 East
1602 4455 63 51 of
1702 4458 261 61 Nauvoo,
2007 4464 82 55 1-2
2131 4467 144 52 Mile
2317 4471 91 48 off
2446 4473 303 70 Highway

244 4533 225 49 Fourth
502 4558 69 24 —
606 4534 301 49 Hamilton
943 4536 381 63 Courthouse,
1363 4542 232 57 Marion
1633 4546 234 61 County
