3000 4800
831 157 324 51 ANNUAL
1192 160 300 51 SACRED
1527 163 210 48 HARP
1773 163 361 49 SINGINGS

2665 163 64 48 89

226 331 120 55 "386;
387 328 70 58 A.
498 330 61 57 F.
601 330 316 57 Anderson
963 337 109 55 155,
1114 339 117 55 300;
1276 339 141 55 Mrs.
1459 339 282 60 Daphene
1785 340 231 58 Causey
2056 340 111 58 306,
2211 340 115 58 304;
2371 339 108 60 Joe
2523 336 211 63 Daniel

237 409 105 54 434,
378 408 115 55 422;
532 408 141 55 Mrs.
709 409 136 54 Mae
883 412 294 57 Seymour
1212 417 112 55 301,
1360 417 118 55 316;
1515 417 79 55 M.
1629 417 60 55 F.
1726 417 369 55 McWhorter
2130 417 115 55 213;
2281 417 133 55 Kay
2452 415 114 57 and
2599 415 133 57 Mae

237 486 174 49 Walls
456 486 120 55 343;
624 486 61 55 T.
733 487 61 54 C.
843 489 261 52 Jackson
1153 493 108 55 140,
1311 495 115 54 311;
1476 495 141 54 Mrs.
1663 493 184 55 Ludie
1897 493 277 55 Lambert
2226 493 106 55 141,
2382 493 112 55 391;
2547 493 187 55 Reece

238 564 235 58 Hughes
507 564 111 58 177,
649 565 81 57 92.

367 661 141 46 Rest
544 660 63 48 10
639 660 280 49 Minutes.

370 754 249 49 Preston
646 756 249 48 Warren
922 769 144 46 sang
1096 759 117 57 217;
1245 759 60 57 E.
1333 759 60 57 E.
1423 759 219 58 Pipkin
1669 760 84 57 36;
1782 759 139 58 Mrs.
1950 759 208 58 Velma
2184 757 265 60 Johnson
2478 756 111 61 290,
2619 756 117 61 212;

244 838 103 45 Mr.
384 832 126 51 Self
543 834 79 54 80,
657 834 118 54 348;
813 834 142 54 Mrs.
991 835 174 52 Delia
1198 837 142 51 Holt
1374 837 114 55 454,
1522 837 117 55 349;
1677 837 52 55 J.
1764 837 82 55 W.
1882 835 319 57 Laminack
2238 835 111 57 269,
2383 834 117 58 402;
2538 832 204 60 Kathy

243 912 261 49 Eroxton
540 912 111 54 242,
688 912 118 55 327;
844 912 61 55 L.
942 912 60 55 P.
1041 913 192 54 Odom
1267 915 79 54 74,
1383 915 117 54 374;
1539 913 138 55 Mrs.
1714 913 220 55 Dewey
1971 912 300 57 McCullar
2307 912 111 57 439,
2455 912 115 57 435;
2608 910 130 58 Bud

237 991 280 48 McGraw
549 990 112 52 302,
694 990 117 54 411;
847 988 141 55 Mrs.
1021 990 198 54 Lewie
1254 991 178 57 Cagle
1470 991 108 57 182,
1615 990 108 58 192.

375 1086 141 46 Rest
549 1086 61 46 10
642 1083 277 49 Minutes.

378 1182 219 46 Leman
637 1180 217 48 Brown
897 1191 144 45 sang
1080 1182 82 54 45;
1207 1180 138 55 Mrs.
1387 1179 256 57 Lindsey
1686 1177 208 58 Crider
1936 1179 76 57 76,
2056 1179 81 57 56;
2181 1176 67 60 A.
2292 1176 76 60 M.
2410 1174 177 61 Cagle
2629 1176 112 60 379,

252 1261 109 54 419;
397 1258 69 57 A.
502 1258 58 57 L.
598 1258 228 57 Parker
861 1257 112 58 430,
1009 1258 120 57 395;
1167 1258 118 57 Lee
1320 1255 252 60 Phillips
1605 1257 114 58 373,
1756 1255 117 60 438;
1911 1254 237 61 Valeria
2181 1254 75 61 Jo
2292 1252 303 63 McCullar
2629 1252 112 63 336,

255 1339 109 54 460;
399 1338 91 55 Ira
520 1336 199 57 James
750 1336 114 57 388,
895 1335 117 58 371;
1047 1335 139 58 Mrs.
1218 1335 159 58 Hoyt
1408 1333 178 60 Cagle
1620 1333 111 60 318,
1762 1333 115 60 441;
1912 1332 99 61 Dr.
2044 1332 81 61 W.
2158 1333 61 60 B.
2251 1330 198 63 Dobbs
2481 1330 111 63 288,
2625 1329 115 64 332;

247 1417 139 45 Mrs.
418 1413 205 57 Sylvia
654 1413 256 57 Crosson
939 1413 112 57 273,
1083 1411 114 58 456.

382 1507 312 49 Memorial
732 1507 235 49 Lesson.
1041 1507 141 49 Geo.
1219 1504 252 58 Phillips
1509 1503 141 60 read
1687 1503 201 60 report
1926 1504 60 58 of
2023 1501 331 61 committee
2395 1515 60 48 as
2493 1500 250 63 follows:

258 1590 109 54 We,
403 1600 148 43 your
588 1584 336 60 committee
961 1599 75 45 on
1072 1582 324 61 memorial,
1432 1581 130 63 find
1597 1581 127 63 that
1759 1581 157 63 since
1953 1594 90 49 we
2077 1579 114 64 last
2224 1579 133 64 met,
2395 1579 127 64 God
2560 1578 60 66 in
2655 1576 91 67 his

253 1665 240 48 wisdom
528 1663 108 49 has
672 1675 142 37 seen
847 1663 76 49 fit
960 1663 61 49 to
1060 1660 115 52 call
1210 1660 156 52 from
1404 1672 109 40 our
1548 1657 180 55 midst
1765 1659 100 54 the
1902 1657 307 55 following
2244 1656 312 57 members:
2596 1654 60 58 T.
2694 1654 54 58 J.

256 1743 375 54 Williamson,
664 1741 82 55 W.
778 1740 69 57 A.
879 1740 201 57 Black,
1111 1740 69 57 H.
1212 1738 69 58 A.
1311 1738 274 58 Jackson,
1615 1735 190 61 Rufus
1836 1735 228 61 Holley,
2095 1735 126 61 Roy
2254 1732 204 64 Smith,
2491 1731 154 66 John
2677 1732 67 64 H.

262 1821 195 55 Gable,
495 1821 240 55 Harvey
774 1818 162 58 Cain,
973 1816 121 60 Jim
1131 1815 282 61 Johnson,
1450 1815 78 61 M.
1567 1815 60 61 L.
1663 1812 156 64 Rice,
1857 1813 138 63 Mrs.
2031 1812 51 64 J.
2121 1810 60 66 C.
2220 1809 319 67 Campbell,
2577 1809 172 67 Newt

252 1899 334 52 Blackmon,
630 1894 141 57 Carl
811 1894 382 57 Williamson,
1234 1893 142 58 Mrs.
1417 1891 174 60 Mary
1629 1891 150 60 Jane
1821 1891 232 60 Brown,
2094 1888 69 63 D.
2202 1888 60 63 E.
2302 1885 265 66 Phillips,
2608 1885 139 66 Mrs.

262 1975 129 48 Nila
421 1974 268 49 Thomas.
759 1974 102 49 We
895 1971 381 52 recommend
1309 1969 129 54 that
1473 1984 31 39 a
1534 1969 195 54 lesson
1762 1966 73 57 be
1870 1977 150 46 sung
2052 1965 61 58 in
2148 1963 154 60 their
2335 1977 264 46 memory
2635 1962 114 61 and

255 2053 120 48 this
403 2052 199 58 report
631 2052 75 58 be
736 2050 171 60 made
940 2062 33 48 a
1002 2047 135 63 part
1165 2047 63 63 of
1257 2046 99 64 the
1387 2044 271 66 minutes.
1723 2044 220 66 Leman
1974 2044 216 66 Brown
2221 2041 141 69 read
2392 2040 99 70 the
2523 2038 225 72 follow

265 2131 93 57 ing
385 2130 177 58 letter
592 2130 156 58 from
778 2128 99 60 the
909 2127 217 61 widow
1156 2125 63 63 of
1246 2124 190 64 Rufus
1465 2122 231 66 Holley,
1731 2122 124 66 1211
1890 2119 244 69 Cresent
2164 2118 246 70 Avenue
2443 2116 306 72 Anniston,

265 2208 136 55 Ala.,
435 2208 153 55 June
624 2208 75 55 18,
736 2206 142 57 1958.
973 2203 159 60 Dear
1164 2202 222 61 Sacred
1414 2202 163 61 Harp
1612 2197 247 66 Singing
1890 2194 262 69 Friends:
2223 2194 160 69 Your
2416 2193 184 70 music
2637 2191 114 72 and

265 2298 142 42 3rour
438 2283 333 58 friendship
804 2281 202 60 meant
1036 2293 165 48 more
1234 2280 60 61 to
1326 2292 102 49 my
1458 2277 273 64 husband
1762 2274 142 67 than
1936 2286 117 55 you
2085 2271 124 70 will
2241 2284 141 57 ever
2412 2271 193 70 know.
2638 2269 115 72 For

268 2362 73 49 all
378 2364 61 48 of
474 2362 117 49 this
627 2362 24 49 I
690 2374 93 37 am
820 2373 63 39 so
922 2356 258 60 grateful
1216 2356 250 60 because
1506 2353 46 63 it
1590 2352 190 64 added
1816 2349 315 67 happiness
2169 2350 58 66 to
2266 2349 91 67 his
2395 2347 120 69 life.
2587 2347 27 69 I
2652 2344 100 72 did

265 2442 99 46 not
397 2439 249 49 hesitate
684 2439 58 49 to
781 2437 115 51 call
931 2448 162 46 upon
1129 2446 118 48 you
1284 2434 94 60 for
1416 2431 99 63 the
1555 2430 217 64 Sacred
1810 2430 160 64 Harp
2010 2425 186 69 music
2235 2422 195 72 which
2467 2422 72 72 he
2578 2422 175 72 loved

268 2518 111 48 and
417 2518 24 48 I
478 2517 160 49 want
676 2527 120 43 you
835 2515 58 55 to
934 2514 178 57 know
1152 2511 130 60 that
1323 2511 25 60 I
1387 2506 334 64 appreciate
1764 2518 147 52 your
1953 2503 310 67 coming,
2307 2515 175 55 many
2524 2500 154 70 from
2719 2512 34 58 a

265 2596 133 55 long
435 2595 261 57 distance
732 2593 60 58 to
829 2590 145 61 sing.
1044 2589 210 63 Thank
1288 2599 120 52 you
1441 2586 94 66 for
1569 2584 100 67 the
1704 2581 294 70 beautiful
2034 2580 112 72 and
2184 2577 372 75 appropriate
2592 2577 162 75 Harp

265 2673 58 46 of
352 2673 273 46 Flowers.
696 2670 165 55 They
894 2680 159 45 were
1087 2682 34 43 a
1155 2664 207 61 fitting
1392 2662 321 63 testimony
1746 2662 60 63 to
1837 2673 96 52 me
1966 2656 129 69 that
2127 2668 118 57 you
2277 2655 97 70 too
2407 2655 174 70 loved
2614 2652 139 73 him.

270 2751 22 45 I
331 2751 210 46 cannot
580 2748 106 49 tell
727 2760 117 43 you
885 2745 135 58 how
1060 2742 178 61 much
1279 2754 150 49 your
1470 2739 282 64 kindness
1795 2736 114 67 and
1953 2733 312 70 sympathy
2308 2733 103 70 has
2454 2731 198 72 meant
2694 2730 60 73 to

268 2841 105 33 me.
448 2827 139 55 May
631 2824 132 58 God
804 2823 157 60 bless
1003 2835 118 48 you
1168 2818 94 64 all.
1341 2814 321 69 Sincerely,
1707 2815 184 67 Roma
1932 2811 129 72 Bell
2104 2809 211 73 Holley
2364 2808 157 75 (Mrs.
2568 2806 187 76 Rufus

270 2904 247 57 Holley).
579 2902 121 58 The
729 2902 198 58 lesson
955 2911 121 49 was
1105 2896 265 64 directed
1399 2895 78 66 by
1506 2893 138 67 Carl
1669 2890 241 70 Hughes
1939 2887 231 73 singing
2196 2887 78 73 73,
2305 2886 114 75 111;
2449 2883 114 78 and
2589 2884 165 76 Pres

271 2982 94 46 ton
402 2983 244 45 Warren
682 2979 78 54 82,
801 2979 111 54 340,
951 2977 118 55 385;
1110 2976 64 57 O.
1210 2974 63 58 P.
1312 2971 231 61 Walton
1579 2967 196 66 closed
1813 2965 99 67 the
1950 2965 193 67 lesson
2181 2962 144 70 with
2364 2976 33 57 a
2434 2959 162 73 short
2632 2959 124 73 talk

273 3060 109 46 and
411 3057 235 58 singing
672 3057 79 58 45.

400 3169 126 48 One
558 3168 151 49 hour
738 3166 94 51 for
859 3163 196 54 lunch.

400 3279 247 58 Singing
678 3289 121 48 was
829 3273 277 64 resumed
1137 3273 79 64 by
1245 3271 63 66 L.
1339 3271 61 66 L.
1434 3268 235 69 Outlaw
1698 3264 234 73 singing
1960 3264 112 73 341,
2107 3262 111 75 163;
2253 3259 85 78 Ed
2365 3258 250 79 Thomas
2646 3258 112 79 380,

274 3358 109 54 236;
420 3358 136 54 Mrs.
591 3354 189 58 Marie
813 3349 283 63 Thornell
1132 3349 108 63 164,
1275 3348 115 64 334;
1428 3345 123 67 Bob
1585 3345 237 67 Denson
1855 3340 111 72 280.
2002 3339 114 73 228;
2155 3337 79 75 W.
2269 3337 70 75 K.
2374 3331 388 81 McCollough

274 3436 111 55 355;
420 3435 138 57 Mrs.
592 3435 118 57 Ora
742 3430 223 61 Martin
996 3429 112 63 215,
1141 3427 117 64 436;
1293 3426 61 66 L.
1387 3423 60 69 E.
1482 3424 238 67 Hopper
1752 3418 111 73 204,
1897 3418 115 73 448;
2047 3415 51 76 J.
2131 3415 67 76 H.
2235 3412 205 79 Carter
2475 3411 114 81 151;
2623 3409 138 82 Mrs.

270 3513 268 48 Leonard
573 3511 160 55 Lacy
768 3508 114 58 214,
921 3508 114 58 138;
1075 3505 141 61 Mrs.
1252 3501 174 66 Arlin
1462 3498 183 69 Webb
1678 3498 78 69 58,
1794 3495 118 72 283;
1948 3492 181 75 Ennis
2164 3489 151 78 Wall
2347 3489 115 78 440,
2497 3487 118 79 415;
2653 3486 109 81 Joe

276 3589 169 48 Bates
480 3591 78 55 30,
598 3589 112 57 108;
748 3583 225 63 Martin
1006 3582 328 64 Blackmon
1369 3577 78 69 77,
1485 3576 115 70 285;
1639 3571 255 75 Carolyn
1929 3568 279 78 McGraw
2247 3567 106 79 193,
2394 3565 106 81 198.

402 3702 141 48 Rest
576 3702 61 48 10
666 3697 279 52 Minutes.

403 3814 222 46 Leman
666 3811 219 49 Brown
928 3813 142 48 sang
1111 3802 96 58 389
1249 3799 115 61 and
1408 3796 187 64 called
1638 3795 91 66 for
1774 3807 30 54 a
1845 3790 267 70 business
2155 3787 219 73 session
2418 3784 58 76 of
2518 3783 97 78 the
2659 3781 103 79 As

274 3889 295 49 sociation.
640 3885 229 54 Article
903 3885 46 54 5,
988 3877 237 61 Section
1260 3876 46 63 2,
1344 3874 63 64 of
1438 3873 100 66 the
1575 3868 396 70 Constitution
2005 3879 120 60 was
2161 3862 262 76 changed
2460 3861 151 78 from
2647 3858 118 81 2:00

274 3982 51 42 p.
355 3981 70 43 m.
459 3969 60 55 to
552 3966 150 58 11:30
733 3978 48 46 a.
810 3975 76 49 m.
951 3955 121 69 The
1104 3949 376 75 Resolutions
1510 3945 364 79 Committee,
1906 3943 169 81 made
2107 3942 99 82 the
2236 3937 280 87 folowing
2547 3934 216 90 report:

274 4045 112 57 We,
418 4059 150 43 your
600 4036 355 66 Committee
987 4045 75 57 on
1090 4026 373 76 Resolutions
1495 4023 189 79 desire
1714 4023 58 79 to
1801 4020 171 82 make
2004 4018 97 84 the
2130 4015 304 87 following
2463 4012 199 90 report
2691 4024 75 78 on

270 4122 201 49 behalf
502 4123 61 48 of
595 4120 100 51 the
727 4108 393 63 Association:
1156 4104 292 67 Whereas,
1483 4113 88 58 we
1606 4099 150 72 have
1789 4096 148 75 been
1971 4092 327 79 privileged
2331 4092 58 79 to
2422 4087 348 84 participate

274 4200 60 48 in
373 4215 109 34 one
523 4198 63 51 of
624 4197 100 52 the
765 4191 154 58 most
958 4179 324 70 successful
1323 4177 115 72 and
1477 4173 312 76 enjoyable
1828 4171 250 78 sessions
2119 4168 61 81 of
2218 4168 99 81 the
2358 4164 411 85 Association's

274 4278 211 58 hitory,
529 4273 117 63 and
688 4269 270 67 whereas
1002 4258 141 78 only
1185 4255 100 81 the
1329 4249 334 87 wonderful
1708 4246 397 90 co-operation
2152 4254 210 82 among
2409 4242 76 94 all
2530 4240 237 96 singers,

276 4357 271 48 listeners
607 4347 240 58 visitors
892 4336 115 69 and
1051 4335 100 70 the
1194 4332 135 73 host
1369 4326 363 79 community
1776 4323 169 82 made
1989 4321 115 84 this
2149 4320 267 85 possible,
2460 4317 309 88 therefore,

274 4435 81 48 Be
385 4434 48 49 it
462 4423 291 60 resolved,
784 4417 130 66 that
943 4426 109 57 our
1081 4410 226 73 sincere
1338 4404 216 79 thanks
1585 4402 112 81 and
1729 4398 400 85 appreciation
2158 4396 70 87 be
2260 4393 292 90 extended
2583 4393 58 90 to
2670 4392 100 91 the

271 4513 162 48 town
463 4509 66 52 of
556 4489 450 72 Edwardsville,
1038 4500 64 61 as
1132 4483 138 78 well
1302 4495 63 66 as
1392 4477 394 84 neighboring
1813 4471 409 90 communities
2253 4473 93 88 for
2374 4470 99 91 the
2503 4468 265 93 wonder

273 4591 91 48 ful
396 4576 351 67 hospitality
783 4570 115 73 and
931 4558 463 85 entertainment
1426 4558 58 85 to
1518 4552 237 91 visitors
1789 4551 115 93 and
1935 4549 244 94 friends;
2215 4548 139 96 Also
2388 4546 60 97 to
2481 4546 144 97 each
2658 4543 115 100 and
