3000 4800
261 217 66 48 76
504 219 393 55 ALABAMA,
946 219 355 55 GEORGIA,
1350 214 456 60 MISSISSIPPI,
1855 210 163 64 AND
2068 193 435 81 TENNESSEE

1149 391 307 48 SUNDAY
1492 388 357 51 MORNING

397 520 193 45 House
627 519 186 48 called
847 519 265 55 together
1147 519 78 55 by
1257 517 141 57 Vice
1434 516 330 58 Chairman,
1798 511 222 63 Walter
2056 502 316 72 Chandler;
2412 501 220 73 Prayer
2665 499 72 75 by

262 594 133 46 Bro.
435 594 135 46 Will
606 595 250 55 Walker;
897 594 265 57 Leaders,
1200 594 81 57 W.
1318 594 81 57 W.
1438 592 232 58 Mickle,
1708 591 58 60 T.
1804 589 60 61 F.
1900 586 268 64 Thomas,
2211 582 39 69 I.
2289 579 78 72 M.
2406 574 328 76 Heatherly,

264 670 193 46 Willie
495 670 367 55 Blackwood,
900 670 141 55 Miss
1080 670 139 55 Lela
1258 669 220 57 Crider,
1519 669 58 57 C.
1617 669 61 57 L.
1717 664 297 61 Garrison,
2053 661 108 64 Joe
2199 655 261 70 Hudson,
2500 654 136 72 Mrs.
2674 655 58 70 O.

262 748 70 45 H.
367 747 283 55 Handley,
684 747 60 55 L.
777 747 60 55 L.
870 745 289 57 Welborn,
1192 745 171 57 Pearl
1396 744 177 58 Chaff
1576 742 73 60 in,
1684 744 136 58 Mrs.
1855 739 183 63 Maud
2073 735 214 67 Quinn.

397 855 139 48 Rest
573 856 60 46 10
666 853 271 49 Minutes.

399 966 202 46 Called
631 966 58 46 to
721 964 172 48 order
924 964 76 55 by
1030 964 139 55 Rev.
1203 963 123 57 Sim
1356 961 256 58 Calvert;
1645 960 310 60 Memorial
1986 960 208 60 lesson.
2262 954 117 66 We,
2409 966 148 54 your
2587 966 142 54 com¬

255 1041 207 48 mittee
489 1041 127 48 find
643 1041 126 48 that
796 1039 156 49 since
981 1054 88 34 we
1095 1039 112 49 last
1231 1041 120 48 met
1378 1039 126 49 that
1533 1039 127 49 God
1687 1038 103 51 has
1819 1050 136 39 seen
1983 1035 75 54 fit
2082 1035 60 54 to
2172 1030 114 58 call
2313 1030 99 58 the
2439 1030 292 60 following

262 1119 156 46 from
451 1129 105 36 our
588 1116 192 55 midst,
813 1116 183 55 Uncle
1029 1116 135 55 Will
1197 1116 252 55 Calvert,
1485 1113 234 58 Charlie
1755 1111 252 60 Calvert,
2041 1110 121 61 Jim
2197 1108 234 63 Swann,
2466 1107 265 64 Thalbert

262 1194 337 55 Heatherly,
643 1192 136 57 Earl
823 1192 136 57 Self,
1005 1192 186 57 Rufus
1234 1191 226 58 Holley,
1506 1191 234 58 Marvin
1783 1189 168 60 Wise,
1996 1185 279 64 Kenneth
2317 1183 240 66 Horton,
2601 1186 129 63 Mrs.

265 1270 216 46 Mamie
516 1269 250 55 Calvert,
801 1269 136 55 Mrs.
970 1267 229 57 Pearlia
1233 1267 282 57 Sullivan,
1548 1266 162 58 Aunt
1743 1264 145 60 Lina
1920 1261 198 63 Wood,
2151 1263 139 61 Mrs.
2323 1261 145 63 Eula
2500 1261 229 63 Hutchi¬

264 1360 120 34 son.
423 1347 138 48 Mrs.
600 1345 144 49 Sara
780 1344 285 58 Jennings
1104 1344 114 58 and
1257 1344 136 58 Mrs.
1432 1341 160 61 Elvis
1632 1341 219 61 Harris,
1891 1341 138 61 Mrs.
2070 1341 256 61 Ransom
2365 1339 366 63 McClendon.

264 1422 309 48 Memorial
612 1422 241 54 leaders,
894 1422 139 54 Rev.
1074 1420 52 55 S.
1167 1420 51 55 J.
1260 1419 252 57 Calvert,
1554 1419 64 57 O.
1660 1419 69 57 H.
1770 1416 288 60 Handley,
2098 1416 138 60 Mrs.
2280 1416 277 60 Florence
2595 1417 136 58 Doss

259 1500 121 48 and
408 1501 63 46 R.
501 1500 67 48 A.
601 1498 244 54 Canant;
879 1497 265 55 Leaders,
1176 1495 216 57 Bertha
1422 1497 252 55 Henson,
1705 1494 231 58 Marion
1966 1492 178 60 Chaff
2148 1494 79 58 in;
2260 1494 259 58 Maybell
2548 1494 178 58 Grim-

258 1576 156 55 mitt;
448 1573 273 58 Chrystal
750 1573 154 58 Hall;
939 1573 160 58 Odus
1129 1573 240 58 Parker;
1402 1570 322 61 Dismissed
1753 1570 79 61 by
1864 1570 331 61 Chairman.

397 1687 126 48 One
553 1686 150 49 hour
729 1684 94 51 for
850 1683 196 52 lunch.

396 1797 204 46 Called
637 1798 58 45 to
735 1795 171 48 order
943 1795 78 54 by
1060 1792 316 57 Chairman
1416 1791 231 58 singing
1684 1792 117 57 two
1842 1803 190 46 songs;
2074 1791 268 58 Leaders,
2383 1791 186 58 Rufus
2607 1791 123 58 Tid-

265 1873 151 55 well,
451 1873 141 55 Miss
625 1873 157 55 Nora
814 1870 171 58 Pearl
1018 1870 283 58 Childers,
1338 1870 64 58 O.
1435 1870 52 58 J.
1524 1869 138 60 Self,
1698 1869 138 60 Mrs.
1870 1867 193 61 Willie
2098 1867 369 61 Blackwood,
2503 1869 226 60 Sammy

259 1950 156 55 Hall,
448 1950 220 55 Luther
700 1948 235 57 Parker,
969 1948 136 57 Mrs.
1138 1947 198 58 Hattie
1369 1945 229 60 Chafin,
1635 1945 201 60 Carrie
1870 1945 244 60 Graves;
2149 1945 220 60 Tennie
2403 1945 325 60 Blackmon,

262 2028 69 46 G.
366 2026 54 48 S.
450 2026 160 54 Doss,
642 2026 228 54 Earney
900 2023 207 57 White.

397 2136 139 48 Rest
573 2137 60 46 10
664 2134 273 49 Minutes.

399 2245 202 48 Called
631 2245 57 48 to
721 2245 169 48 order
921 2244 78 57 by
1030 2244 328 57 Chairman.
1425 2242 267 58 Leaders,
1725 2244 120 57 Dee
1876 2242 163 58 Wall,
2073 2242 174 58 Carol
2275 2242 297 58 Williams,
2605 2242 124 58 Will

265 2322 247 55 Walker,
561 2320 181 57 Stella
784 2320 201 57 Tyree,
1032 2319 199 58 Grady
1275 2319 202 58 Hollis,
1525 2320 60 57 C.
1632 2320 60 57 E.
1740 2319 252 58 Calvert,
2038 2319 222 58 Luther
2307 2320 250 57 Calvert,
2598 2320 130 57 Mrs.

265 2397 136 48 Will
438 2398 247 54 Walker,
726 2397 183 55 Claud
948 2397 256 55 Murray.
1276 2395 162 57 Then
1476 2395 145 57 with
1660 2410 31 42 a
1729 2397 117 55 few
1882 2397 156 55 talks
2076 2397 154 55 from
2268 2397 100 55 the
2406 2397 178 55 house
2623 2397 106 55 and

262 2475 124 46 also
424 2473 124 48 oral
585 2472 321 49 resolution
940 2472 63 49 of
1039 2472 213 49 thanks
1288 2472 93 49 for
1419 2472 99 49 the
1557 2472 333 49 wonderful
1927 2472 345 58 hospitality
2310 2473 63 57 in
2412 2473 196 58 caring
2643 2475 87 57 for

267 2550 97 46 the
400 2548 351 48 convention
787 2548 315 48 Chairman
1137 2559 141 45 sang
1314 2548 97 55 the
1450 2548 220 57 closing
1705 2559 157 48 song.
1930 2550 222 57 Prayer
2188 2551 78 55 by
2302 2551 99 55 the
2439 2550 291 58 Chaplain.

261 2626 124 46 The
417 2625 348 48 convention
795 2635 133 45 goes
957 2626 58 54 to
1045 2625 165 55 Ryan
1240 2625 189 55 Creek
1459 2625 60 55 in
1552 2625 139 55 1959.

1155 2734 288 48 ELBERT
1477 2736 255 55 KILGO,
1770 2736 319 55 Chairman

1156 2827 244 48 ALTER
1434 2827 426 57 CHANDLER,
1893 2830 142 54 Vice
2070 2832 319 52 Chairman

1158 2920 58 46 C.
1252 2920 58 46 E.
1348 2920 361 57 CALVERT,
1746 2922 310 58 Secretary

1156 3013 361 46 MAYBELL
1552 3015 396 57 GRIMMITT,
1984 3018 151 54 Asst.
2172 3019 310 57 Secretary

1462 3217 66 64 ★

363 3439 220 76 Bear
651 3441 274 76 Creek
994 3442 318 78 Sacred
1375 3445 244 103 Harp
1692 3448 366 106 Singing
2094 3453 552 102 Convention

529 3595 76 46 At
640 3595 193 57 Shady
870 3598 192 54 Grove
1098 3600 247 57 Church,
1381 3603 30 54 4
1444 3603 171 54 Miles
1650 3606 189 51 North
1873 3609 61 48 of
1966 3609 229 49 Double
2233 3612 246 58 Springs

1173 3726 228 57 August
1441 3729 78 55 22,
1566 3730 76 55 23,
1692 3732 124 54 1958

400 3846 238 57 Opened
672 3847 75 55 by
780 3847 313 55 Chairman
1125 3852 49 51 J.
1206 3852 67 51 A.
1305 3853 237 57 Adams;
1576 3858 219 57 Prayer
1827 3859 78 57 by
1936 3861 130 55 Bro.
2101 3864 60 52 L.
2196 3867 81 49 W.
2310 3868 279 48 Overton.
2622 3868 115 48 The

262 3921 306 57 following
609 3924 223 54 leaders
874 3936 141 45 sang
1054 3927 115 54 two
1212 3940 169 46 songs
1423 3931 157 55 each,
1623 3933 126 54 Ben
1788 3936 220 58 Norris,
2050 3940 60 54 L.
2278 3945 279 58 Overton,
2601 3945 138 58 IMiss

261 3997 187 46 Roma
489 3999 168 54 Lynn
697 4000 244 55 Godsey,
987 4002 163 54 Ersel
1191 4005 192 58 Cagle,
1426 4008 138 55 Mrs.
1608 4011 168 52 Delia
1819 4014 198 58 Watts,
2061 4017 67 55 V.
2170 4020 78 52 M.
2292 4023 232 57 Brown,
2572 4024 58 55 C.
2676 4024 63 55 O.

259 4072 307 49 Woodard.

399 4182 138 48 Rest
573 4185 58 46 10
664 4182 270 51 Minutes.

399 4291 162 46 Class
594 4291 186 49 called
813 4296 57 45 to
906 4296 169 46 order
1108 4297 76 57 by
1218 4299 184 58 Floyd
1434 4302 178 55 Davis
1647 4306 231 61 singing
1911 4311 117 57 two
2064 4327 187 45 songs.
2322 4320 270 58 Leaders,
2626 4323 115 55 two

267 4378 171 45 songs
468 4368 156 55 each,
654 4369 105 54 Joe
790 4371 261 57 Guthrie,
1083 4374 136 54 Mrs.
1251 4377 192 51 Annie
1473 4380 184 58 Creel,
1689 4384 181 57 Joyce
1902 4387 219 58 Norris,
2154 4392 135 54 Mrs.
2325 4396 186 51 Stella
2541 4401 186 48 Tvree

259 4443 202 48 Hattie
492 4444 198 57 Berry,
721 4446 126 55 Van
879 4447 154 54 Cole.
2730 4437 10 64 '

400 4554 123 48 One
555 4554 147 48 hour
729 4555 93 48 for
849 4557 193 49 lunch.
