3057 4834
283 186 64 46 78
526 189 393 60 ALABAMA,
967 195 355 58 GEORGIA,
1371 198 456 57 MISSISSIPPI,
1878 198 162 57 AND
2089 190 435 64 TENNESSEE

414 361 162 49 Class
610 364 184 46 called
829 367 57 46 to
922 367 169 49 order
1125 369 76 57 by
1233 370 141 55 Vice
1410 372 315 54 Chairman
1758 372 231 60 singing
2025 385 109 46 one
2170 379 163 52 song;
2371 366 54 66 A
2457 369 298 63 memorial

283 436 192 48 lesson
511 451 120 36 was
667 439 133 48 held
837 442 93 46 for
966 444 96 46 the
1099 445 304 60 following
1438 448 295 57 deceased.
1804 450 225 55 Luther
2065 448 115 57 and
2218 444 304 61 Grandma
2559 445 192 60 Wake¬

283 511 145 49 field
459 514 76 55 by
568 513 183 58 Floyd
783 517 192 57 Davis,
1008 520 237 54 Harden
1276 523 183 55 Baldy
1494 525 76 55 by
1605 526 96 54 Dr.
1735 526 135 54 Sam
1905 525 256 57 Snoddy,
2196 523 138 58 Mrs.
2370 520 139 61 Cleo
2545 522 204 60 Robins

283 589 79 55 by
400 589 241 55 Milford
682 594 195 55 Watts,
919 595 136 54 Mrs.
1098 597 196 52 Elisha
1335 600 255 49 Duboise
1632 600 78 58 by
1750 603 289 57 Pomeroy
2082 600 252 60 Godsey,
2379 598 157 61 John
2578 600 172 61 Berry

285 664 112 48 and
433 664 136 49 wife
607 667 75 55 by
721 667 48 55 J.
807 670 67 52 H.
912 670 231 57 Defoor,
1180 673 183 54 Uncle
1402 676 217 51 Robert
1657 678 231 57 Godsey
1929 676 117 58 and
2082 678 289 57 Pomeroy
2413 675 229 60 Godsey
2679 681 70 58 by

279 741 144 48 Lola
459 742 214 57 Myrtle
709 745 316 57 Robinson;
1096 750 252 52 Leaders
1387 751 327 57 continued,
1752 753 156 55 John
1944 754 223 57 Bailey,
2205 753 139 58 Mrs.
2382 750 198 61 Alpha
2611 754 135 57 Pitt-

280 832 150 43 man,
466 820 64 55 H.
567 820 66 55 N.
667 822 186 55 Mabe,
888 823 189 54 Hosea
1111 823 154 57 Cole,
1302 826 292 54 Christine
1632 828 334 52 Cornelous.

414 928 124 48 One
570 928 147 48 hour
747 930 90 48 for
865 930 193 51 lunch.

405 1036 325 49 Afternoon
775 1041 219 46 session
1041 1042 184 48 called
1272 1044 75 55 by
1395 1045 315 54 Chairman
1756 1048 48 51 J.
1852 1050 66 49 A.
1968 1050 238 55 Adams;
2257 1048 268 60 Leaders,
2574 1054 168 54 Oscar

276 1111 264 58 Putman,
585 1116 183 54 Sarah
810 1117 180 55 Ryan,
1035 1119 153 54 John
1231 1120 229 57 Hocutt,
1506 1122 136 55 Mrs.
1687 1125 169 52 Delia
1900 1126 154 54 Holt,
2100 1126 63 54 R.
2209 1126 51 54 J.
2307 1126 240 58 Horton,
2590 1131 148 54 Lana

271 1188 226 51 Horton
547 1192 111 46 and
708 1192 175 48 Maud
931 1192 219 54 Adams
1204 1195 253 52 (Sisters)
1510 1200 279 55 together,
1843 1201 235 54 Charlie
2131 1201 186 57 Creel,
2370 1204 136 54 Mrs.
2556 1207 180 52 Annie

276 1266 184 57 Creel,
496 1269 247 54 Edward
777 1270 198 57 Berry,
1011 1272 136 55 Mrs.
1180 1273 184 54 Marie
1399 1275 178 55 Ryan,
1614 1275 75 55 M.
1723 1278 60 52 L.
1819 1278 262 55 Jenkins,
2119 1278 235 55 Charlie
2389 1281 198 58 Berry.

403 1377 138 49 Rest
577 1377 60 49 10
670 1377 271 51 Minutes.

402 1486 192 48 House
642 1486 184 49 called
871 1489 265 55 together
1183 1492 76 57 by
1308 1494 135 55 Otto
1489 1492 205 57 Allred
1743 1495 231 58 singing
2020 1498 166 55 three
2236 1513 189 45 songs;
2478 1504 252 60 Leaders,

267 1561 282 49 Newman
601 1564 216 55 Norris,
873 1567 273 52 Kenneth
1201 1569 240 55 Fannin,
1500 1570 225 58 George
1785 1575 340 54 Wakefield,
2184 1578 253 51 Howard
2496 1579 232 61 Godsey,

265 1638 253 49 Dawson
559 1641 216 48 Adams
819 1644 112 46 and
973 1644 196 48 Pirnie
1212 1647 249 55 Pelfrey,
1507 1648 123 54 Sim
1671 1650 340 60 Wakefield,
2059 1654 93 55 Ira
2196 1654 172 58 Gray,
2415 1657 127 55 Van
2584 1659 142 54 Cole.

273 1716 379 48 Benediction
685 1719 75 57 by
793 1720 129 55 Bro.
957 1720 75 55 M.
1066 1722 58 54 L.
1159 1723 259 52 Jenkins.

1162 1816 48 45 J.
1248 1815 64 48 A.
1351 1816 280 54 ADAMS.
1675 1819 313 51 Chairman

1156 1909 307 48 PALMER
1504 1912 318 57 GODSEY,
1861 1915 139 54 Vice
2044 1917 331 58 Chairman,

1158 2001 111 49 and
1306 2004 651 57 Secretary-Treasurer

1461 2233 63 61 *

441 2454 340 103 Fayette
864 2457 337 105 County
1282 2464 316 97 Sacred
1680 2469 244 105 Harp
2011 2473 546 100 Convention

1165 2620 226 55 August
1437 2625 76 54 23,
1560 2626 78 54 24,
1689 2628 123 52 1958

391 2734 120 48 Met
541 2736 57 46 at
627 2737 99 46 Mt.
757 2739 273 49 Lebanon
1062 2742 232 52 Church
1323 2748 112 46 and
1465 2763 118 37 was
1614 2754 186 46 called
1831 2755 58 48 to
1920 2755 172 49 order
2122 2758 76 58 by
2230 2760 315 57 Chairman
2574 2764 141 57 sing¬

259 2808 97 58 ing
405 2823 106 43 one
559 2824 153 45 song.
795 2815 214 55 Prayer
1057 2820 75 57 by
1180 2821 298 58 Chaplain.
1563 2827 151 52 First
1762 2830 213 58 leader,
2028 2836 61 52 B.
2142 2838 81 51 W.
2277 2839 202 52 Smith,
2532 2842 76 49 W.
2655 2842 58 49 R.

259 2884 202 55 White,
493 2887 48 52 J.
573 2887 78 52 W.
682 2890 220 52 Woods,
934 2893 72 49 M.
1038 2895 60 48 L.
1129 2896 355 60 Livingston,
1519 2902 58 54 C.
1609 2904 79 52 W.
1722 2905 240 55 Clemet,
1993 2910 180 51 Jonas
2203 2916 181 58 Pugh,
2418 2919 133 55 Mrs.
2583 2919 132 55 Tom

261 2961 238 57 Harper,
532 2964 61 54 R.
628 2965 58 52 L.
720 2965 252 58 McCool,
1006 2971 135 52 Mrs.
1177 2974 96 55 Icy
1308 2974 283 55 Sudduth.

393 3072 135 48 Rest
565 3073 58 49 10
655 3073 270 52 Minutes.

390 3178 201 49 Called
630 3183 55 46 to
727 3186 168 46 order
937 3187 75 57 by
1053 3190 118 57 Foy
1212 3192 331 55 Frederick:
1590 3201 265 55 Leaders,
1902 3207 48 49 J.
1993 3208 58 48 P.
2098 3210 285 57 Sudduth,
2428 3214 133 52 Mrs.
2602 3216 112 55 Foy

259 3253 324 58 Frederick,
618 3259 63 52 D.
717 3261 73 51 M.
825 3262 295 60 Aldridge,
1155 3268 135 54 Mrs.
1326 3271 300 57 Seymour,
1662 3277 243 61 Tommy
1939 3283 330 58 Frederick,
2307 3289 142 52 Tom
2484 3292 231 60 Harper,

259 3330 123 57 Roy
414 3331 219 58 Woods,
667 3336 180 57 Floyd
880 3340 325 60 Frederick,
1239 3345 58 55 E.
1330 3346 58 54 T.
1423 3349 202 51 Smith.

384 3441 123 48 One
538 3442 144 48 hour
712 3445 88 48 for
832 3448 190 49 lunch.

382 3549 196 49 Called
607 3553 55 46 to
694 3556 166 48 order
891 3558 73 57 by
994 3561 48 54 J.
1072 3562 60 52 R.
1162 3565 303 60 Humbler;
1498 3571 267 55 Leaders,
1795 3577 57 49 T.
1884 3579 58 48 E.
1975 3582 202 57 White,
2209 3585 180 54 Elane
2421 3588 288 58 Aldridge,

249 3619 135 51 Mrs.
433 3625 295 60 Mathews,
780 3633 99 52 Sid
928 3634 193 60 Black,
1173 3642 118 52 Jim
1338 3645 195 55 Paula,
1585 3649 154 57 Faye
1789 3654 358 61 Livingston,
2199 3663 144 52 Tom
2392 3666 154 55 Tate,
2598 3666 112 58 Foy

250 3699 324 58 Frederick,
615 3706 187 51 Jonah
838 3711 178 57 Pugh,
1057 3715 241 60 Tommy
1338 3720 328 63 Frederick,
1707 3729 217 54 Robert
1962 3735 258 51 McCool.
2293 3741 274 51 Business
2605 3756 106 36 ses¬

250 3775 139 48 sion.
460 3778 117 49 The
615 3783 300 61 following
954 3790 235 54 officers
1227 3808 154 37 were
1420 3801 223 49 elected
1684 3807 112 46 and
1836 3810 331 58 appointed,
2208 3817 49 51 J.
2298 3819 67 49 H.
2406 3820 304 60 Ballinger,

250 3852 330 60 Chairman;
621 3859 48 52 J.
706 3861 79 51 W.
825 3864 220 57 Woods,
1086 3868 138 52 Vice
1264 3873 333 64 Chairman;
1639 3883 114 54 and
1789 3885 61 52 B.
1890 3888 79 49 W.
2011 3889 207 58 Smith,
2259 3894 309 61 Secretary
2607 3898 106 57 and

247 3927 330 64 Treasurer;
610 3936 49 55 J.
690 3937 61 54 R.
783 3940 297 60 Humbler,
1113 3946 301 60 Chaplain.
1477 3952 331 66 Arranging
1840 3961 366 60 Committee,
2238 3970 123 58 Foy
2391 3975 322 57 Frederick,

247 4005 49 48 J.
336 4006 61 48 R.
433 4009 297 61 Humbler,
769 4017 112 54 and
918 4018 252 52 Edward
1204 4026 196 51 Black.
1473 4030 252 52 Finance
1765 4038 364 64 Committee,
2170 4048 217 54 Roston
2428 4051 202 60 White,
2667 4054 48 57 J.

247 4080 79 49 W.
378 4086 205 49 Woods
634 4090 111 49 and
795 4095 60 46 B.
906 4096 81 49 W.
1039 4099 202 60 Smith,
1294 4104 307 55 Memorial
1654 4111 363 63 Committee,
2071 4122 192 52 Jonah
2316 4128 181 60 Pugh,
2550 4132 58 55 T.
2658 4131 55 57 L.

247 4159 189 49 White
468 4165 112 46 and
610 4165 75 49 M.
717 4168 60 48 L.
810 4170 357 61 Livingston.

376 4272 138 49 Rest
550 4276 60 48 10
642 4276 271 52 Minutes.

376 4381 201 51 Called
616 4386 57 48 to
715 4389 169 48 order
924 4392 78 58 by
1041 4395 61 55 B.
1143 4398 79 52 W.
1266 4399 204 58 Smith,
1512 4404 267 60 Leaders,
1822 4411 144 52 Tom
2005 4416 243 61 Harper,
2293 4423 189 60 Lloyd
2524 4429 190 57 Wood,

243 4453 184 60 Floyd
457 4458 325 63 Frederick,
817 4467 66 54 D.
916 4468 75 52 M.
1026 4471 295 63 Aldridge,
1356 4477 58 57 E.
1449 4479 57 55 T.
1542 4480 204 61 Smith,
1783 4486 232 55 Charlie
2053 4492 238 61 Clemet,
2326 4501 51 52 J.
2413 4504 64 49 V.
2512 4507 204 57 White,

243 4530 58 49 T.
333 4533 60 49 L.
426 4536 202 58 White,
661 4540 136 54 Mrs.
828 4542 142 52 Tom
1002 4548 241 61 Harper,
1276 4554 183 57 Floyd
1489 4555 225 55 Woods.
