3048 4830
295 195 61 46 52
534 195 393 63 ALABAMA,
975 201 355 63 GEORGIA,
1378 208 456 57 MISSISSIPPI,
1884 208 160 57 AND
2095 201 435 64 TENNESSEE

427 372 202 51 Called
666 376 57 49 to
762 375 171 51 order
969 379 78 57 by
1081 381 172 55 Miles
1288 384 249 52 Jenkins
1575 385 229 60 singing
1843 387 109 58 164,
1990 387 84 58 45;
2116 382 172 63 Delia
2322 381 144 64 Holt
2503 381 111 64 396,
2653 382 90 63 386

292 448 139 48 Sam
468 450 186 58 Tyree
691 453 111 57 217,
841 454 115 60 360;
997 456 171 58 Janie
1206 459 135 55 Tice
1380 462 78 55 46,
1498 462 115 57 296;
1656 463 216 55 Verbal
1909 463 222 55 Martin
2172 460 117 58 380;
2331 460 52 58 J.
2424 457 79 61 M.
2545 459 202 60 Harbir

292 526 109 55 436,
442 528 106 57 182,
586 528 114 57 339;
736 529 274 55 Jennette
1047 532 322 60 Dewberry
1405 537 111 57 358,
1552 538 183 57 408;P.
1771 541 67 54 H.
1876 538 231 57 Mattox
2146 537 109 58 137,
2298 538 112 57 155;
2454 534 294 61 Chairmar

291 603 195 48 closed
516 603 78 57 by
625 604 231 60 singing
889 607 108 57 123.

1182 720 168 48 GEO.
1383 720 78 49 M.
1494 721 334 58 MATTOX,
1863 723 319 57 Chairman

1180 829 303 49 VERBAL
1513 832 312 58 MARTIN,
1857 834 142 57 Vice
2032 834 321 57 Chairman

1180 939 229 48 TILDA
1438 942 367 58 JOHNSON,
1839 945 307 58 Secretary

1485 1167 66 64 ★

451 1399 370 79 Pickens
901 1401 340 105 County
1318 1404 321 102 Sacred
1711 1405 247 105 Harp
2040 1407 546 103 Convention

1297 1561 141 58 July
1465 1564 43 55 5,
1539 1563 42 58 6,
1614 1564 124 57 1958

412 1701 121 49 The
577 1701 378 60 proceedings
1000 1705 58 55 of
1102 1702 99 58 the
1243 1705 132 55 40th
1416 1704 238 57 Annual
1699 1707 234 54 Session
1980 1708 60 52 of
2083 1710 99 51 the
2227 1711 250 51 Pickens
2526 1714 222 60 County

285 1776 214 49 Sacred
529 1777 159 60 Harp
720 1777 244 60 Singing
994 1780 367 57 Convention
1390 1782 139 55 held
1560 1783 147 54 with
1737 1785 145 52 Zion
1914 1786 250 57 Church,
2197 1789 306 58 Saturday,
2535 1791 138 58 July
2701 1795 46 55 5,

286 1852 139 48 1958.
495 1854 193 49 House
724 1869 121 37 was
882 1854 186 52 called
1102 1857 60 49 to
1200 1857 171 49 order
1407 1858 79 58 by
1522 1860 99 57 the
1659 1861 313 58 president,
2011 1863 49 57 J.
2100 1864 61 55 L.
2199 1866 166 57 Pugh
2403 1867 228 60 singing
2665 1870 75 57 32;

277 1929 219 55 Prayer
534 1930 78 55 by
649 1930 67 55 A.
756 1932 64 54 R.
859 1932 268 58 Vaughn;
1170 1935 51 55 J.
1260 1935 60 55 L.
1360 1935 168 58 Pugh
1567 1948 144 46 sang
1752 1939 76 55 61.
1905 1939 252 55 Leaders
2200 1956 61 39 as
2302 1942 249 52 follows:
2595 1945 49 49 J.
2685 1947 57 48 P.

285 2004 280 58 Sudduth,
595 2007 66 55 A.
690 2008 63 54 R.
781 2008 262 57 Vaughn,
1074 2010 136 55 Mrs.
1240 2011 178 54 Maud
1447 2013 322 57 Anderson,
1803 2016 153 54 Zack
1986 2016 235 58 Trimm,
2250 2019 187 55 Vonie
2469 2019 198 60 Smith,
2695 2023 45 55 J.

280 2082 69 46 H.
378 2079 325 61 Ballenger.

411 2191 141 48 Rest
582 2193 58 46 10
669 2191 271 51 Minutes.

411 2301 193 48 House
640 2316 120 34 was
799 2302 184 51 called
1020 2304 58 49 to
1117 2307 171 48 order
1324 2308 78 55 by
1438 2310 219 54 Robert
1693 2311 243 52 McCool
1972 2313 232 58 singing
2245 2316 111 60 171;
2397 2317 193 58 House
2626 2332 114 43 was

282 2376 223 57 opened
535 2377 91 55 for
657 2377 262 55 business
952 2380 57 52 at
1039 2382 207 51 eleven
1276 2383 234 49 o'clock.
1575 2386 121 48 The
1728 2388 306 61 following
2065 2392 240 57 officers
2337 2407 156 42 were
2526 2395 213 54 elected

283 2451 111 49 and
424 2452 325 58 appointed,
780 2455 64 55 A.
874 2457 63 54 R.
966 2455 264 60 Vaughn,
1260 2460 322 60 President;
1615 2463 51 57 J.
1695 2464 61 55 P.
1788 2464 285 58 Sudduth,
2103 2467 142 55 Vice
2275 2470 322 58 President;
2631 2473 108 55 and

276 2527 112 48 Icie
421 2527 282 57 Sudduth,
736 2530 304 58 Secretary
1074 2533 112 55 and
1215 2535 334 58 Treasurer;
1582 2539 201 54 Elbert
1815 2542 271 57 Oglesby,
2122 2544 303 60 Chaplain.
2490 2548 247 57 Arrang¬

282 2602 97 58 ing
414 2604 358 58 Committee,
807 2607 76 55 M.
918 2608 60 54 L.
1012 2608 357 60 Livingston,
1405 2613 48 55 J.
1489 2614 69 54 H.
1594 2614 312 60 Ballenger
1942 2622 114 52 and
2089 2622 189 52 Vonie
2316 2622 208 58 Smith;
2562 2625 175 55 Mem¬

279 2679 147 48 orial
456 2679 358 60 Committee,
844 2683 60 55 T.
934 2685 61 54 L.
1024 2685 219 58 Wheat,
1273 2686 220 57 Robert
1519 2691 244 52 McCool
1794 2694 115 49 and
1938 2695 139 49 Mrs.
2107 2698 189 49 Vonie
2328 2701 210 58 Smith;
2569 2703 166 57 Visit¬

280 2754 97 58 ing
418 2754 357 60 Committee,
814 2758 138 55 Mrs.
990 2760 186 54 Vonie
1218 2764 202 57 Smith,
1459 2766 171 55 Vivie
1672 2767 186 54 Barns
1900 2772 114 49 and
2056 2773 49 48 J.
2146 2775 61 48 L.
2250 2776 187 57 Pugh;
2481 2778 255 55 Conven¬

276 2829 126 48 tion
430 2830 48 48 is
510 2844 150 46 open
690 2833 93 57 for
814 2847 33 43 a
876 2835 171 55 home
1078 2838 93 52 for
1203 2841 244 49 another
1480 2854 156 45 year.
1701 2845 217 54 Moved
1950 2850 115 49 and
2098 2854 216 46 second
2347 2854 94 48 for
2473 2854 264 51 Pleasant

276 2905 183 57 Ridge
490 2907 246 58 Church,
766 2910 57 55 to
853 2910 148 55 have
1032 2913 97 52 the
1159 2916 352 49 convention
1540 2917 60 48 in
1633 2922 139 48 1959.
1833 2923 217 49 Moved
2080 2926 115 49 and
2224 2931 214 48 second
2467 2929 93 51 for
2587 2932 147 49 busi¬

274 2995 133 36 ness
445 2983 217 49 session
700 2986 58 46 to
799 2986 168 49 close.
1039 2989 316 51 Chairman
1392 2992 229 61 singing
1665 2998 112 55 111;
1819 3000 268 58 Leaders,
2130 3003 60 55 T.
2230 3006 63 52 L.
2334 3007 208 57 White,
2581 3009 58 55 E.
2677 3010 57 54 T.

279 3055 201 60 Smith,
511 3058 136 57 Mrs.
678 3061 169 54 Vivie
879 3064 199 57 Barns,
1110 3064 135 57 Mrs.
1279 3067 112 54 Icie
1425 3070 283 60 Sudduth,
1741 3075 138 55 Mrs.
1911 3076 58 54 E.
2004 3078 60 52 T.
2095 3081 208 58 Smith,
2337 3082 60 57 T.
2428 3085 61 54 L.
2523 3085 220 54 Wheat.

406 3168 123 48 One
559 3168 148 48 hour
735 3169 93 51 for
856 3171 192 51 lunch.

405 3274 201 51 Called
637 3280 58 46 to
729 3280 172 49 order
931 3282 78 57 by
1044 3283 316 55 Chairman
1392 3288 231 61 singing
1654 3294 112 55 378.
1831 3295 270 61 Leaders,
2136 3300 69 57 A.
2239 3303 57 54 S.
2331 3303 237 60 Carver,
2601 3304 132 58 Mrs.

271 3349 184 49 Vonie
493 3351 202 60 Smith,
732 3355 76 55 M.
843 3358 60 52 L.
939 3357 357 63 Livingston,
1332 3364 219 55 Robert
1584 3367 256 60 McCool,
1875 3373 51 54 J.
1962 3375 63 52 P.
2062 3376 288 61 Sudduth,
2388 3381 139 57 Mrs.
2562 3382 181 55 Maud

270 3426 321 60 Anderson,
625 3430 187 55 Vonie
846 3433 204 58 Smith,
1084 3438 51 54 J.
1170 3438 60 54 L.
1266 3438 180 60 Pugh,
1482 3442 60 55 E.
1576 3444 60 54 T.
1672 3447 207 58 Smith,
1917 3450 156 55 Zack
2106 3453 240 61 Trimm,
2382 3457 144 57 Miss
2559 3460 175 54 Paula

270 3504 120 58 Fay
421 3504 354 61 Livingston,
807 3508 138 57 Mrs.
978 3511 114 54 Icie
1126 3514 283 52 Sudduth.

397 3613 139 49 Rest
571 3616 58 48 10
663 3615 270 54 Minutes.

399 3723 201 51 Called
633 3727 58 48 to
727 3727 171 51 order
931 3730 76 58 by
1042 3733 51 55 J.
1128 3736 60 52 P.
1225 3738 271 51 Sudduth
1528 3739 234 63 singing
1797 3747 112 60 159;
1945 3750 300 57 Followed
2280 3754 81 58 by
2394 3756 139 57 Mrs.
2568 3756 166 57 Vivie

265 3798 199 58 Barns,
495 3801 60 55 E.
583 3802 60 54 T.
676 3804 202 58 Smith,
912 3808 49 54 J.
993 3810 60 52 L.
1083 3811 181 58 Pugh,
1296 3814 76 55 M.
1404 3816 61 54 L.
1498 3817 358 63 Livingston,
1890 3825 222 55 Robert
2142 3829 261 52 McCool.
2467 3834 264 51 Dismiss¬

265 3876 72 48 ed
366 3874 91 49 till
489 3876 237 61 Sunday
754 3883 270 60 morning
1056 3886 57 57 at
1143 3888 136 55 nine
1312 3891 217 52 o'clock
1560 3894 79 60 by
1671 3897 202 57 Elbert
1905 3903 273 60 Oglesby.

1141 4032 307 51 SUNDAY
1485 4038 360 52 MORNING

393 4129 195 51 House
621 4134 186 49 called
838 4137 58 48 to
931 4138 172 49 order
1137 4141 60 49 at
1228 4144 118 48 9:30
1380 4159 46 36 a.
1458 4161 76 36 m.
1567 4150 79 57 by
1678 4152 309 55 President
2019 4156 69 51 A.
2122 4159 64 49 R.
2220 4161 255 61 Vaughn
2508 4167 226 61 singing

261 4204 79 58 68;
381 4206 220 60 Prayer
640 4210 76 57 by
759 4210 286 63 Chaplain
1084 4216 199 57 Elbert
1326 4221 274 63 Oglesby;
1644 4227 69 57 A.
1755 4228 63 55 R.
1860 4228 252 63 Vaughn
2154 4248 144 48 sang
2340 4242 82 57 32;
2467 4243 267 58 Leaders,

256 4281 186 49 Vonie
477 4284 204 60 Smith,
715 4287 280 57 Clarence
1026 4293 262 61 McCool;
1324 4297 156 57 Zack
1512 4300 235 60 Trimm,
1782 4306 82 54 W.
1896 4308 70 52 H.
1999 4306 288 64 Sudduth,
2322 4317 61 54 T.
2416 4320 63 51 L.
2514 4323 217 57 Wheat,

255 4357 171 51 Vivie
462 4362 201 58 Barns,
700 4365 52 55 J.
789 4366 82 54 W.
910 4368 223 60 Woods,
1173 4372 138 55 Mrs.
1350 4374 159 54 Ruth
1545 4377 213 60 Banks,
1797 4381 51 55 J.
1888 4383 82 54 W.
2011 4383 288 64 Sudduth,
2340 4392 147 55 Miss
2526 4399 213 51 Fredie-

256 4434 211 61 Banks,
505 4437 60 58 C.
600 4441 69 54 H.
703 4440 217 61 Yancy,
957 4443 138 58 Mrs.
1131 4447 181 54 Maud
1345 4450 324 52 Anderson.

385 4548 138 54 Rest
561 4552 58 49 10
652 4552 271 54 Minutes.
