<?xml version="1.0" encoding="utf-8"?>
<alto xmlns:xlink="http://www.w3.org/1999/xlink" xmlns:xsi="http://www.w3.org/2001/XMLSchema-instance" xsi:schemaLocation="http://www.loc.gov/standards/alto/ns-v2# http://www.loc.gov/standards/alto/alto-v2.0.xsd" xmlns="http://www.loc.gov/standards/alto/ns-v2#">
  <Description>
    <MeasurementUnit>pixel</MeasurementUnit>
    <sourceImageInformation>
      <fileName>00000023.tif</fileName>
    </sourceImageInformation>
    <OCRProcessing ID="Processing">
      <ocrProcessingStep>
        <processingStepSettings>Image Resolution:600</processingStepSettings>
        <processingSoftware>
          <softwareCreator>I2S</softwareCreator>
          <softwareName>Limb</softwareName>
          <softwareVersion>1.0</softwareVersion>
          <applicationDescription>Abbyy10 OCR Engine</applicationDescription>
        </processingSoftware>
      </ocrProcessingStep>
    </OCRProcessing>
  </Description>
  <Styles>
    <TextStyle ID="StyleId-0" FONTSIZE="8" FONTFAMILY="Times New Roman" />
    <TextStyle ID="StyleId-1" FONTSIZE="11" FONTFAMILY="Times New Roman" />
    <TextStyle ID="StyleId-2" FONTSIZE="12" FONTFAMILY="Times New Roman" />
  </Styles>
  <Layout>
    <Page ID="P22" PHYSICAL_IMG_NR="22" HEIGHT="4800" WIDTH="3000" ACCURACY="0.8925542" QUALITY_DETAIL="337 words, 1673 chars, 1536 with recognition greater than 50% (91.81%)">
      <TopMargin ID="P22_TM00001" HPOS="0" VPOS="0" WIDTH="3000" HEIGHT="153" />
      <LeftMargin ID="P22_LM00001" HPOS="0" VPOS="153" WIDTH="211" HEIGHT="4485" />
      <RightMargin ID="P22_RM00001" HPOS="2782" VPOS="153" WIDTH="217" HEIGHT="4485" />
      <BottomMargin ID="P22_BM00001" HPOS="0" VPOS="4638" WIDTH="3000" HEIGHT="162" />
      <PrintSpace ID="P22_PS00001" HPOS="211" VPOS="153" WIDTH="2571" HEIGHT="4485">
        <TextBlock ID="P22_TB00001" HPOS="816" VPOS="148" WIDTH="1330" HEIGHT="73">
          <TextLine ID="P22_TL00001" HPOS="828" VPOS="160" WIDTH="1306" HEIGHT="49">
            <String ID="P22_S00001" HPOS="828" VPOS="160" WIDTH="325" HEIGHT="49" STYLEREFS="StyleId-0" CONTENT="ANNUAL" WC="0.9583333" CC="000002" />
            <SP ID="P22_SP00001" WIDTH="0" HPOS="0" VPOS="0" />
            <String ID="P22_S00002" HPOS="1191" VPOS="162" WIDTH="300" HEIGHT="49" STYLEREFS="StyleId-0" CONTENT="SACRED" WC="0.8883333" CC="004110" />
            <SP ID="P22_SP00002" WIDTH="0" HPOS="0" VPOS="0" />
            <String ID="P22_S00003" HPOS="1527" VPOS="162" WIDTH="208" HEIGHT="49" STYLEREFS="StyleId-0" CONTENT="HARP" WC="0.6775" CC="3062" />
            <SP ID="P22_SP00003" WIDTH="0" HPOS="0" VPOS="0" />
            <String ID="P22_S00004" HPOS="1773" VPOS="162" WIDTH="361" HEIGHT="49" STYLEREFS="StyleId-0" CONTENT="SINGINGS" WC="0.99625" CC="00000000" />
          </TextLine>
        </TextBlock>
        <TextBlock ID="P22_TB00002" HPOS="2656" VPOS="145" WIDTH="87" HEIGHT="72">
          <TextLine ID="P22_TL00002" HPOS="2668" VPOS="157" WIDTH="63" HEIGHT="48">
            <String ID="P22_S00005" HPOS="2668" VPOS="157" WIDTH="63" HEIGHT="48" STYLEREFS="StyleId-0" CONTENT="21" WC="1" CC="00" />
          </TextLine>
        </TextBlock>
        <TextBlock ID="P22_TB00003" HPOS="213" VPOS="346" WIDTH="2544" HEIGHT="1239">
          <TextLine ID="P22_TL00003" HPOS="355" VPOS="357" WIDTH="2377" HEIGHT="52">
            <String ID="P22_S00006" HPOS="355" VPOS="357" WIDTH="198" HEIGHT="48" STYLEREFS="StyleId-0" CONTENT="House" WC="0.862" CC="60000" />
            <SP ID="P22_SP00004" WIDTH="0" HPOS="0" VPOS="0" />
            <String ID="P22_S00007" HPOS="592" VPOS="357" WIDTH="192" HEIGHT="49" STYLEREFS="StyleId-0" CONTENT="called" WC="0.8566667" CC="030103" />
            <SP ID="P22_SP00005" WIDTH="0" HPOS="0" VPOS="0" />
            <String ID="P22_S00008" HPOS="822" VPOS="358" WIDTH="60" HEIGHT="48" STYLEREFS="StyleId-0" CONTENT="to" WC="0.82" CC="30" />
            <SP ID="P22_SP00006" WIDTH="0" HPOS="0" VPOS="0" />
            <String ID="P22_S00009" HPOS="921" VPOS="358" WIDTH="175" HEIGHT="48" STYLEREFS="StyleId-0" CONTENT="order" WC="0.858" CC="00006" />
            <SP ID="P22_SP00007" WIDTH="0" HPOS="0" VPOS="0" />
            <String ID="P22_S00010" HPOS="1134" VPOS="358" WIDTH="78" HEIGHT="58" STYLEREFS="StyleId-0" CONTENT="by" WC="0.835" CC="20" />
            <SP ID="P22_SP00008" WIDTH="0" HPOS="0" VPOS="0" />
            <String ID="P22_S00011" HPOS="1251" VPOS="360" WIDTH="225" HEIGHT="57" STYLEREFS="StyleId-0" CONTENT="Bennie" WC="0.831666648" CC="600300" />
            <SP ID="P22_SP00009" WIDTH="0" HPOS="0" VPOS="0" />
            <String ID="P22_S00012" HPOS="1516" VPOS="360" WIDTH="193" HEIGHT="58" STYLEREFS="StyleId-0" CONTENT="Capps" WC="0.862" CC="05100" />
            <SP ID="P22_SP00010" WIDTH="0" HPOS="0" VPOS="0" />
            <String ID="P22_S00013" HPOS="1747" VPOS="358" WIDTH="232" HEIGHT="60" STYLEREFS="StyleId-0" CONTENT="singing" WC="0.8685714" CC="0430001" />
            <SP ID="P22_SP00011" WIDTH="0" HPOS="0" VPOS="0" />
            <String ID="P22_S00014" HPOS="2017" VPOS="358" WIDTH="111" HEIGHT="60" STYLEREFS="StyleId-0" CONTENT="349," WC="0.9925" CC="0000" />
            <SP ID="P22_SP00012" WIDTH="0" HPOS="0" VPOS="0" />
            <String ID="P22_S00015" HPOS="2167" VPOS="358" WIDTH="115" HEIGHT="60" STYLEREFS="StyleId-0" CONTENT="396;" WC="1" CC="0000" />
            <SP ID="P22_SP00013" WIDTH="0" HPOS="0" VPOS="0" />
            <String ID="P22_S00016" HPOS="2323" VPOS="357" WIDTH="244" HEIGHT="61" STYLEREFS="StyleId-0" CONTENT="Charles" WC="0.95714283" CC="2000000" />
            <SP ID="P22_SP00014" WIDTH="0" HPOS="0" VPOS="0" />
            <String ID="P22_S00017" HPOS="2605" VPOS="354" WIDTH="127" HEIGHT="64" STYLEREFS="StyleId-0" CONTENT="Kit¬" WC="0.93" CC="0020" />
          </TextLine>
          <TextLine ID="P22_TL00004" HPOS="226" VPOS="435" WIDTH="2508" HEIGHT="52">
            <String ID="P22_S00018" HPOS="226" VPOS="435" WIDTH="180" HEIGHT="49" STYLEREFS="StyleId-0" CONTENT="chens" WC="0.73" CC="76000" />
            <SP ID="P22_SP00015" WIDTH="0" HPOS="0" VPOS="0" />
            <String ID="P22_S00019" HPOS="439" VPOS="435" WIDTH="108" HEIGHT="55" STYLEREFS="StyleId-0" CONTENT="139," WC="0.935" CC="0101" />
            <SP ID="P22_SP00016" WIDTH="0" HPOS="0" VPOS="0" />
            <String ID="P22_S00020" HPOS="582" VPOS="433" WIDTH="114" HEIGHT="57" STYLEREFS="StyleId-0" CONTENT="179;" WC="0.7525" CC="0702" />
            <SP ID="P22_SP00017" WIDTH="0" HPOS="0" VPOS="0" />
            <String ID="P22_S00021" HPOS="729" VPOS="435" WIDTH="139" HEIGHT="55" STYLEREFS="StyleId-0" CONTENT="Mrs." WC="0.9925" CC="0000" />
            <SP ID="P22_SP00018" WIDTH="0" HPOS="0" VPOS="0" />
            <String ID="P22_S00022" HPOS="900" VPOS="436" WIDTH="64" HEIGHT="54" STYLEREFS="StyleId-0" CONTENT="R." WC="0.75" CC="50" />
            <SP ID="P22_SP00019" WIDTH="0" HPOS="0" VPOS="0" />
            <String ID="P22_S00023" HPOS="994" VPOS="436" WIDTH="69" HEIGHT="54" STYLEREFS="StyleId-0" CONTENT="N." WC="0.915" CC="01" />
            <SP ID="P22_SP00020" WIDTH="0" HPOS="0" VPOS="0" />
            <String ID="P22_S00024" HPOS="1092" VPOS="436" WIDTH="120" HEIGHT="54" STYLEREFS="StyleId-0" CONTENT="Nix" WC="1" CC="000" />
            <SP ID="P22_SP00021" WIDTH="0" HPOS="0" VPOS="0" />
            <String ID="P22_S00025" HPOS="1240" VPOS="438" WIDTH="111" HEIGHT="55" STYLEREFS="StyleId-0" CONTENT="395," WC="0.9775" CC="0000" />
            <SP ID="P22_SP00022" WIDTH="0" HPOS="0" VPOS="0" />
            <String ID="P22_S00026" HPOS="1386" VPOS="438" WIDTH="112" HEIGHT="55" STYLEREFS="StyleId-0" CONTENT="177;" WC="0.65" CC="0544" />
            <SP ID="P22_SP00023" WIDTH="0" HPOS="0" VPOS="0" />
            <String ID="P22_S00027" HPOS="1531" VPOS="436" WIDTH="109" HEIGHT="57" STYLEREFS="StyleId-0" CONTENT="Mr." WC="0.966666639" CC="010" />
            <SP ID="P22_SP00024" WIDTH="0" HPOS="0" VPOS="0" />
            <String ID="P22_S00028" HPOS="1672" VPOS="436" WIDTH="63" HEIGHT="57" STYLEREFS="StyleId-0" CONTENT="R." WC="1" CC="00" />
            <SP ID="P22_SP00025" WIDTH="0" HPOS="0" VPOS="0" />
            <String ID="P22_S00029" HPOS="1765" VPOS="436" WIDTH="67" HEIGHT="57" STYLEREFS="StyleId-0" CONTENT="N." WC="1" CC="00" />
            <SP ID="P22_SP00026" WIDTH="0" HPOS="0" VPOS="0" />
            <String ID="P22_S00030" HPOS="1864" VPOS="435" WIDTH="117" HEIGHT="58" STYLEREFS="StyleId-0" CONTENT="Nix" WC="1" CC="000" />
            <SP ID="P22_SP00027" WIDTH="0" HPOS="0" VPOS="0" />
            <String ID="P22_S00031" HPOS="2016" VPOS="435" WIDTH="132" HEIGHT="58" STYLEREFS="StyleId-0" CONTENT="138t," WC="0.98" CC="00001" />
            <SP ID="P22_SP00028" WIDTH="0" HPOS="0" VPOS="0" />
            <String ID="P22_S00032" HPOS="2179" VPOS="435" WIDTH="117" HEIGHT="58" STYLEREFS="StyleId-0" CONTENT="441;" WC="0.8525" CC="0005" />
            <SP ID="P22_SP00029" WIDTH="0" HPOS="0" VPOS="0" />
            <String ID="P22_S00033" HPOS="2329" VPOS="433" WIDTH="123" HEIGHT="60" STYLEREFS="StyleId-0" CONTENT="Jim" WC="0.8666667" CC="004" />
            <SP ID="P22_SP00030" WIDTH="0" HPOS="0" VPOS="0" />
            <String ID="P22_S00034" HPOS="2479" VPOS="433" WIDTH="255" HEIGHT="60" STYLEREFS="StyleId-0" CONTENT="Defoore" WC="0.7757143" CC="2080050" />
          </TextLine>
          <TextLine ID="P22_TL00005" HPOS="225" VPOS="513" WIDTH="2512" HEIGHT="55">
            <String ID="P22_S00035" HPOS="226" VPOS="514" WIDTH="114" HEIGHT="55" STYLEREFS="StyleId-0" CONTENT="400," WC="0.645" CC="9003" />
            <SP ID="P22_SP00031" WIDTH="0" HPOS="0" VPOS="0" />
            <String ID="P22_S00036" HPOS="376" VPOS="511" WIDTH="141" HEIGHT="58" STYLEREFS="StyleId-0" CONTENT="213t;" WC="0.998" CC="00000" />
            <SP ID="P22_SP00032" WIDTH="0" HPOS="0" VPOS="0" />
            <String ID="P22_S00037" HPOS="555" VPOS="511" WIDTH="175" HEIGHT="58" STYLEREFS="StyleId-0" CONTENT="Ethel" WC="0.818" CC="00017" />
            <SP ID="P22_SP00033" WIDTH="0" HPOS="0" VPOS="0" />
            <String ID="P22_S00038" HPOS="765" VPOS="513" WIDTH="315" HEIGHT="57" STYLEREFS="StyleId-0" CONTENT="McGough" WC="0.8842857" CC="0040300" />
            <SP ID="P22_SP00034" WIDTH="0" HPOS="0" VPOS="0" />
            <String ID="P22_S00039" HPOS="1113" VPOS="514" WIDTH="79" HEIGHT="55" STYLEREFS="StyleId-0" CONTENT="75," WC="0.7266667" CC="503" />
            <SP ID="P22_SP00035" WIDTH="0" HPOS="0" VPOS="0" />
            <String ID="P22_S00040" HPOS="1230" VPOS="514" WIDTH="82" HEIGHT="55" STYLEREFS="StyleId-0" CONTENT="61;" WC="0.873333335" CC="003" />
            <SP ID="P22_SP00036" WIDTH="0" HPOS="0" VPOS="0" />
            <String ID="P22_S00041" HPOS="1350" VPOS="513" WIDTH="235" HEIGHT="57" STYLEREFS="StyleId-0" CONTENT="Hewett" WC="0.875" CC="303000" />
            <SP ID="P22_SP00037" WIDTH="0" HPOS="0" VPOS="0" />
            <String ID="P22_S00042" HPOS="1618" VPOS="513" WIDTH="313" HEIGHT="58" STYLEREFS="StyleId-0" CONTENT="Randolph" WC="0.97875" CC="00000100" />
            <SP ID="P22_SP00038" WIDTH="0" HPOS="0" VPOS="0" />
            <String ID="P22_S00043" HPOS="1966" VPOS="513" WIDTH="111" HEIGHT="58" STYLEREFS="StyleId-0" CONTENT="203," WC="0.9425" CC="0002" />
            <SP ID="P22_SP00039" WIDTH="0" HPOS="0" VPOS="0" />
            <String ID="P22_S00044" HPOS="2113" VPOS="513" WIDTH="117" HEIGHT="58" STYLEREFS="StyleId-0" CONTENT="440;" WC="1" CC="0000" />
            <SP ID="P22_SP00040" WIDTH="0" HPOS="0" VPOS="0" />
            <String ID="P22_S00045" HPOS="2269" VPOS="511" WIDTH="201" HEIGHT="60" STYLEREFS="StyleId-0" CONTENT="Grady" WC="0.996" CC="00000" />
            <SP ID="P22_SP00041" WIDTH="0" HPOS="0" VPOS="0" />
            <String ID="P22_S00046" HPOS="2506" VPOS="511" WIDTH="231" HEIGHT="60" STYLEREFS="StyleId-0" CONTENT="Harper" WC="0.891666651" CC="004010" />
          </TextLine>
          <TextLine ID="P22_TL00006" HPOS="228" VPOS="592" WIDTH="226" HEIGHT="55">
            <String ID="P22_S00047" HPOS="228" VPOS="594" WIDTH="81" HEIGHT="54" STYLEREFS="StyleId-0" CONTENT="81," WC="0.5966667" CC="704" />
            <SP ID="P22_SP00042" WIDTH="0" HPOS="0" VPOS="0" />
            <String ID="P22_S00048" HPOS="340" VPOS="591" WIDTH="114" HEIGHT="57" STYLEREFS="StyleId-0" CONTENT="419." WC="1" CC="0000" />
          </TextLine>
          <TextLine ID="P22_TL00007" HPOS="363" VPOS="684" WIDTH="550" HEIGHT="48">
            <String ID="P22_S00049" HPOS="363" VPOS="684" WIDTH="144" HEIGHT="49" STYLEREFS="StyleId-0" CONTENT="Rest" WC="0.99" CC="0000" />
            <SP ID="P22_SP00043" WIDTH="0" HPOS="0" VPOS="0" />
            <String ID="P22_S00050" HPOS="543" VPOS="685" WIDTH="61" HEIGHT="48" STYLEREFS="StyleId-0" CONTENT="10" WC="0.965" CC="00" />
            <SP ID="P22_SP00044" WIDTH="0" HPOS="0" VPOS="0" />
            <String ID="P22_S00051" HPOS="637" VPOS="682" WIDTH="276" HEIGHT="51" STYLEREFS="StyleId-0" CONTENT="minutes." WC="0.71875" CC="44760000" />
          </TextLine>
          <TextLine ID="P22_TL00008" HPOS="364" VPOS="781" WIDTH="2370" HEIGHT="51">
            <String ID="P22_S00052" HPOS="364" VPOS="781" WIDTH="199" HEIGHT="46" STYLEREFS="StyleId-0" CONTENT="House" WC="0.926" CC="30000" />
            <SP ID="P22_SP00045" WIDTH="0" HPOS="0" VPOS="0" />
            <String ID="P22_S00053" HPOS="594" VPOS="778" WIDTH="192" HEIGHT="49" STYLEREFS="StyleId-0" CONTENT="called" WC="0.813333333" CC="006400" />
            <SP ID="P22_SP00046" WIDTH="0" HPOS="0" VPOS="0" />
            <String ID="P22_S00054" HPOS="814" VPOS="778" WIDTH="60" HEIGHT="49" STYLEREFS="StyleId-0" CONTENT="to" WC="0.735" CC="50" />
            <SP ID="P22_SP00047" WIDTH="0" HPOS="0" VPOS="0" />
            <String ID="P22_S00055" HPOS="906" VPOS="778" WIDTH="175" HEIGHT="49" STYLEREFS="StyleId-0" CONTENT="order" WC="0.924" CC="03000" />
            <SP ID="P22_SP00048" WIDTH="0" HPOS="0" VPOS="0" />
            <String ID="P22_S00056" HPOS="1110" VPOS="778" WIDTH="79" HEIGHT="57" STYLEREFS="StyleId-0" CONTENT="by" WC="0.795" CC="40" />
            <SP ID="P22_SP00049" WIDTH="0" HPOS="0" VPOS="0" />
            <String ID="P22_S00057" HPOS="1219" VPOS="778" WIDTH="321" HEIGHT="57" STYLEREFS="StyleId-0" CONTENT="Chairman" WC="0.825" CC="31150000" />
            <SP ID="P22_SP00050" WIDTH="0" HPOS="0" VPOS="0" />
            <String ID="P22_S00058" HPOS="1569" VPOS="777" WIDTH="232" HEIGHT="58" STYLEREFS="StyleId-0" CONTENT="singing" WC="1" CC="0000000" />
            <SP ID="P22_SP00051" WIDTH="0" HPOS="0" VPOS="0" />
            <String ID="P22_S00059" HPOS="1834" VPOS="778" WIDTH="112" HEIGHT="57" STYLEREFS="StyleId-0" CONTENT="138;" WC="0.9025" CC="0003" />
            <SP ID="P22_SP00052" WIDTH="0" HPOS="0" VPOS="0" />
            <String ID="P22_S00060" HPOS="1978" VPOS="777" WIDTH="52" HEIGHT="58" STYLEREFS="StyleId-0" CONTENT="J." WC="0.8" CC="04" />
            <SP ID="P22_SP00053" WIDTH="0" HPOS="0" VPOS="0" />
            <String ID="P22_S00061" HPOS="2059" VPOS="778" WIDTH="69" HEIGHT="57" STYLEREFS="StyleId-0" CONTENT="H." WC="0.995" CC="00" />
            <SP ID="P22_SP00054" WIDTH="0" HPOS="0" VPOS="0" />
            <String ID="P22_S00062" HPOS="2160" VPOS="775" WIDTH="286" HEIGHT="60" STYLEREFS="StyleId-0" CONTENT="Gilliland" WC="0.99222225" CC="000000000" />
            <SP ID="P22_SP00055" WIDTH="0" HPOS="0" VPOS="0" />
            <String ID="P22_S00063" HPOS="2478" VPOS="775" WIDTH="108" HEIGHT="60" STYLEREFS="StyleId-0" CONTENT="112," WC="0.9225" CC="1001" />
            <SP ID="P22_SP00056" WIDTH="0" HPOS="0" VPOS="0" />
            <String ID="P22_S00064" HPOS="2617" VPOS="775" WIDTH="117" HEIGHT="60" STYLEREFS="StyleId-0" CONTENT="328;" WC="1" CC="0000" />
          </TextLine>
          <TextLine ID="P22_TL00009" HPOS="237" VPOS="859" WIDTH="2502" HEIGHT="49">
            <String ID="P22_S00065" HPOS="237" VPOS="858" WIDTH="198" HEIGHT="51" STYLEREFS="StyleId-0" CONTENT="Ozelle" WC="1" CC="000000" />
            <SP ID="P22_SP00057" WIDTH="0" HPOS="0" VPOS="0" />
            <String ID="P22_S00066" HPOS="477" VPOS="856" WIDTH="217" HEIGHT="52" STYLEREFS="StyleId-0" CONTENT="Chafin" WC="0.87833333" CC="000600" />
            <SP ID="P22_SP00058" WIDTH="0" HPOS="0" VPOS="0" />
            <String ID="P22_S00067" HPOS="733" VPOS="858" WIDTH="114" HEIGHT="55" STYLEREFS="StyleId-0" CONTENT="322," WC="0.925" CC="0003" />
            <SP ID="P22_SP00059" WIDTH="0" HPOS="0" VPOS="0" />
            <String ID="P22_S00068" HPOS="888" VPOS="858" WIDTH="117" HEIGHT="55" STYLEREFS="StyleId-0" CONTENT="208;" WC="0.8275" CC="0204" />
            <SP ID="P22_SP00060" WIDTH="0" HPOS="0" VPOS="0" />
            <String ID="P22_S00069" HPOS="1048" VPOS="856" WIDTH="190" HEIGHT="57" STYLEREFS="StyleId-0" CONTENT="Rufus" WC="0.748" CC="50700" />
            <SP ID="P22_SP00061" WIDTH="0" HPOS="0" VPOS="0" />
            <String ID="P22_S00070" HPOS="1279" VPOS="856" WIDTH="205" HEIGHT="57" STYLEREFS="StyleId-0" CONTENT="Norris" WC="0.9816667" CC="000100" />
            <SP ID="P22_SP00062" WIDTH="0" HPOS="0" VPOS="0" />
            <String ID="P22_S00071" HPOS="1525" VPOS="856" WIDTH="114" HEIGHT="57" STYLEREFS="StyleId-0" CONTENT="286," WC="0.8925" CC="0004" />
            <SP ID="P22_SP00063" WIDTH="0" HPOS="0" VPOS="0" />
            <String ID="P22_S00072" HPOS="1680" VPOS="856" WIDTH="117" HEIGHT="57" STYLEREFS="StyleId-0" CONTENT="380;" WC="0.7275" CC="5103" />
            <SP ID="P22_SP00064" WIDTH="0" HPOS="0" VPOS="0" />
            <String ID="P22_S00073" HPOS="1840" VPOS="855" WIDTH="303" HEIGHT="58" STYLEREFS="StyleId-0" CONTENT="Wilodene" WC="0.93125" CC="00500000" />
            <SP ID="P22_SP00065" WIDTH="0" HPOS="0" VPOS="0" />
            <String ID="P22_S00074" HPOS="2185" VPOS="853" WIDTH="399" HEIGHT="60" STYLEREFS="StyleId-0" CONTENT="Smitherman" WC="1" CC="0000000000" />
            <SP ID="P22_SP00066" WIDTH="0" HPOS="0" VPOS="0" />
            <String ID="P22_S00075" HPOS="2623" VPOS="852" WIDTH="115" HEIGHT="61" STYLEREFS="StyleId-0" CONTENT="456," WC="0.93" CC="0002" />
          </TextLine>
          <TextLine ID="P22_TL00010" HPOS="234" VPOS="939" WIDTH="2506" HEIGHT="48">
            <String ID="P22_S00076" HPOS="234" VPOS="939" WIDTH="118" HEIGHT="57" STYLEREFS="StyleId-0" CONTENT="236;" WC="0.8125" CC="7000" />
            <SP ID="P22_SP00067" WIDTH="0" HPOS="0" VPOS="0" />
            <String ID="P22_S00077" HPOS="393" VPOS="937" WIDTH="117" HEIGHT="58" STYLEREFS="StyleId-0" CONTENT="Lee" WC="0.88" CC="201" />
            <SP ID="P22_SP00068" WIDTH="0" HPOS="0" VPOS="0" />
            <String ID="P22_S00078" HPOS="547" VPOS="936" WIDTH="180" HEIGHT="60" STYLEREFS="StyleId-0" CONTENT="Wells" WC="0.952" CC="00100" />
            <SP ID="P22_SP00069" WIDTH="0" HPOS="0" VPOS="0" />
            <String ID="P22_S00079" HPOS="766" VPOS="936" WIDTH="78" HEIGHT="60" STYLEREFS="StyleId-0" CONTENT="50," WC="0.99333334" CC="000" />
            <SP ID="P22_SP00070" WIDTH="0" HPOS="0" VPOS="0" />
            <String ID="P22_S00080" HPOS="885" VPOS="936" WIDTH="112" HEIGHT="60" STYLEREFS="StyleId-0" CONTENT="439," WC="0.91" CC="0200" />
            <SP ID="P22_SP00071" WIDTH="0" HPOS="0" VPOS="0" />
            <String ID="P22_S00081" HPOS="1038" VPOS="934" WIDTH="117" HEIGHT="61" STYLEREFS="StyleId-0" CONTENT="377;" WC="1" CC="0000" />
            <SP ID="P22_SP00072" WIDTH="0" HPOS="0" VPOS="0" />
            <String ID="P22_S00082" HPOS="1197" VPOS="933" WIDTH="139" HEIGHT="63" STYLEREFS="StyleId-0" CONTENT="Otto" WC="1" CC="0000" />
            <SP ID="P22_SP00073" WIDTH="0" HPOS="0" VPOS="0" />
            <String ID="P22_S00083" HPOS="1375" VPOS="933" WIDTH="208" HEIGHT="63" STYLEREFS="StyleId-0" CONTENT="Allred" WC="0.88" CC="001500" />
            <SP ID="P22_SP00074" WIDTH="0" HPOS="0" VPOS="0" />
            <String ID="P22_S00084" HPOS="1623" VPOS="933" WIDTH="114" HEIGHT="63" STYLEREFS="StyleId-0" CONTENT="294;" WC="1" CC="0000" />
            <SP ID="P22_SP00075" WIDTH="0" HPOS="0" VPOS="0" />
            <String ID="P22_S00085" HPOS="1782" VPOS="931" WIDTH="318" HEIGHT="64" STYLEREFS="StyleId-0" CONTENT="Chairman" WC="0.8825" CC="00205001" />
            <SP ID="P22_SP00076" WIDTH="0" HPOS="0" VPOS="0" />
            <String ID="P22_S00086" HPOS="2139" VPOS="931" WIDTH="138" HEIGHT="64" STYLEREFS="StyleId-0" CONTENT="448t," WC="1" CC="00000" />
            <SP ID="P22_SP00077" WIDTH="0" HPOS="0" VPOS="0" />
            <String ID="P22_S00087" HPOS="2317" VPOS="933" WIDTH="111" HEIGHT="63" STYLEREFS="StyleId-0" CONTENT="421," WC="0.915" CC="0003" />
            <SP ID="P22_SP00078" WIDTH="0" HPOS="0" VPOS="0" />
            <String ID="P22_S00088" HPOS="2470" VPOS="931" WIDTH="111" HEIGHT="64" STYLEREFS="StyleId-0" CONTENT="373," WC="0.7325" CC="5400" />
            <SP ID="P22_SP00079" WIDTH="0" HPOS="0" VPOS="0" />
            <String ID="P22_S00089" HPOS="2623" VPOS="928" WIDTH="117" HEIGHT="67" STYLEREFS="StyleId-0" CONTENT="and" WC="1" CC="000" />
          </TextLine>
          <TextLine ID="P22_TL00011" HPOS="238" VPOS="1015" WIDTH="2433" HEIGHT="48">
            <String ID="P22_S00090" HPOS="238" VPOS="1015" WIDTH="141" HEIGHT="48" STYLEREFS="StyleId-0" CONTENT="then" WC="1" CC="0000" />
            <SP ID="P22_SP00080" WIDTH="0" HPOS="0" VPOS="0" />
            <String ID="P22_S00091" HPOS="411" VPOS="1024" WIDTH="145" HEIGHT="48" STYLEREFS="StyleId-0" CONTENT="sang" WC="0.925" CC="0300" />
            <SP ID="P22_SP00081" WIDTH="0" HPOS="0" VPOS="0" />
            <String ID="P22_S00092" HPOS="583" VPOS="1014" WIDTH="105" HEIGHT="58" STYLEREFS="StyleId-0" CONTENT="45t," WC="1" CC="0000" />
            <SP ID="P22_SP00082" WIDTH="0" HPOS="0" VPOS="0" />
            <String ID="P22_S00093" HPOS="721" VPOS="1012" WIDTH="94" HEIGHT="60" STYLEREFS="StyleId-0" CONTENT="for" WC="0.576666653" CC="705" />
            <SP ID="P22_SP00083" WIDTH="0" HPOS="0" VPOS="0" />
            <String ID="P22_S00094" HPOS="844" VPOS="1011" WIDTH="102" HEIGHT="61" STYLEREFS="StyleId-0" CONTENT="the" WC="1" CC="000" />
            <SP ID="P22_SP00084" WIDTH="0" HPOS="0" VPOS="0" />
            <String ID="P22_S00095" HPOS="978" VPOS="1011" WIDTH="225" HEIGHT="61" STYLEREFS="StyleId-0" CONTENT="closing" WC="1" CC="0000000" />
            <SP ID="P22_SP00085" WIDTH="0" HPOS="0" VPOS="0" />
            <String ID="P22_S00096" HPOS="1233" VPOS="1021" WIDTH="159" HEIGHT="51" STYLEREFS="StyleId-0" CONTENT="song." WC="1" CC="00000" />
            <SP ID="P22_SP00086" WIDTH="0" HPOS="0" VPOS="0" />
            <String ID="P22_S00097" HPOS="1489" VPOS="1009" WIDTH="387" HEIGHT="63" STYLEREFS="StyleId-0" CONTENT="Benediction" WC="0.9509091" CC="50000000000" />
            <SP ID="P22_SP00087" WIDTH="0" HPOS="0" VPOS="0" />
            <String ID="P22_S00098" HPOS="1906" VPOS="1009" WIDTH="78" HEIGHT="63" STYLEREFS="StyleId-0" CONTENT="by" WC="0.875" CC="20" />
            <SP ID="P22_SP00088" WIDTH="0" HPOS="0" VPOS="0" />
            <String ID="P22_S00099" HPOS="2016" VPOS="1009" WIDTH="139" HEIGHT="63" STYLEREFS="StyleId-0" CONTENT="Rev." WC="0.8625" CC="4000" />
            <SP ID="P22_SP00089" WIDTH="0" HPOS="0" VPOS="0" />
            <String ID="P22_S00100" HPOS="2185" VPOS="1008" WIDTH="52" HEIGHT="64" STYLEREFS="StyleId-0" CONTENT="J." WC="0.925" CC="01" />
            <SP ID="P22_SP00090" WIDTH="0" HPOS="0" VPOS="0" />
            <String ID="P22_S00101" HPOS="2269" VPOS="1009" WIDTH="67" HEIGHT="63" STYLEREFS="StyleId-0" CONTENT="H." WC="1" CC="00" />
            <SP ID="P22_SP00091" WIDTH="0" HPOS="0" VPOS="0" />
            <String ID="P22_S00102" HPOS="2370" VPOS="1006" WIDTH="301" HEIGHT="66" STYLEREFS="StyleId-0" CONTENT="Gilliland." WC="0.879" CC="0005023000" />
          </TextLine>
          <TextLine ID="P22_TL00012" HPOS="1144" VPOS="1123" WIDTH="1333" HEIGHT="52">
            <String ID="P22_S00103" HPOS="1144" VPOS="1123" WIDTH="166" HEIGHT="49" STYLEREFS="StyleId-0" CONTENT="REV." WC="0.8525" CC="0410" />
            <SP ID="P22_SP00092" WIDTH="0" HPOS="0" VPOS="0" />
            <String ID="P22_S00104" HPOS="1345" VPOS="1122" WIDTH="358" HEIGHT="51" STYLEREFS="StyleId-0" CONTENT="GARNSEY" WC="0.95714283" CC="2000000" />
            <SP ID="P22_SP00093" WIDTH="0" HPOS="0" VPOS="0" />
            <String ID="P22_S00105" HPOS="1737" VPOS="1120" WIDTH="385" HEIGHT="57" STYLEREFS="StyleId-0" CONTENT="McGOUGH," WC="0.93375" CC="00000040" />
            <SP ID="P22_SP00094" WIDTH="0" HPOS="0" VPOS="0" />
            <String ID="P22_S00106" HPOS="2158" VPOS="1120" WIDTH="319" HEIGHT="57" STYLEREFS="StyleId-0" CONTENT="Chairman" WC="0.93125" CC="00401000" />
          </TextLine>
          <TextLine ID="P22_TL00013" HPOS="1147" VPOS="1219" WIDTH="1165" HEIGHT="49">
            <String ID="P22_S00107" HPOS="1147" VPOS="1218" WIDTH="268" HEIGHT="49" STYLEREFS="StyleId-0" CONTENT="GRADY" WC="1" CC="00000" />
            <SP ID="P22_SP00095" WIDTH="0" HPOS="0" VPOS="0" />
            <String ID="P22_S00108" HPOS="1452" VPOS="1218" WIDTH="324" HEIGHT="55" STYLEREFS="StyleId-0" CONTENT="HARPER," WC="0.808571458" CC="4005003" />
            <SP ID="P22_SP00096" WIDTH="0" HPOS="0" VPOS="0" />
            <String ID="P22_S00109" HPOS="1812" VPOS="1215" WIDTH="144" HEIGHT="58" STYLEREFS="StyleId-0" CONTENT="Vice" WC="1" CC="0000" />
            <SP ID="P22_SP00097" WIDTH="0" HPOS="0" VPOS="0" />
            <String ID="P22_S00110" HPOS="1993" VPOS="1215" WIDTH="319" HEIGHT="58" STYLEREFS="StyleId-0" CONTENT="Chairman" WC="0.845" CC="30305000" />
          </TextLine>
          <TextLine ID="P22_TL00014" HPOS="1149" VPOS="1314" WIDTH="1020" HEIGHT="52">
            <String ID="P22_S00111" HPOS="1149" VPOS="1312" WIDTH="306" HEIGHT="49" STYLEREFS="StyleId-0" CONTENT="BERTHA" WC="0.9033333" CC="000050" />
            <SP ID="P22_SP00098" WIDTH="0" HPOS="0" VPOS="0" />
            <String ID="P22_S00112" HPOS="1495" VPOS="1311" WIDTH="322" HEIGHT="55" STYLEREFS="StyleId-0" CONTENT="HARPER," WC="0.9442857" CC="0002001" />
            <SP ID="P22_SP00099" WIDTH="0" HPOS="0" VPOS="0" />
            <String ID="P22_S00113" HPOS="1858" VPOS="1309" WIDTH="310" HEIGHT="57" STYLEREFS="StyleId-0" CONTENT="Secretary" WC="0.9066667" CC="000400210" />
          </TextLine>
          <TextLine ID="P22_TL00015" HPOS="1465" VPOS="1516" WIDTH="67" HEIGHT="66">
            <String ID="P22_S00114" HPOS="1465" VPOS="1516" WIDTH="67" HEIGHT="66" STYLEREFS="StyleId-1" CONTENT="*" WC="1" CC="0" />
          </TextLine>
        </TextBlock>
        <TextBlock ID="P22_TB00004" HPOS="231" VPOS="1729" WIDTH="2541" HEIGHT="2068">
          <TextLine ID="P22_TL00016" HPOS="616" VPOS="1738" WIDTH="1765" HEIGHT="93">
            <String ID="P22_S00115" HPOS="616" VPOS="1737" WIDTH="348" HEIGHT="81" STYLEREFS="StyleId-2" CONTENT="Second" WC="0.695" CC="420442" />
            <SP ID="P22_SP00100" WIDTH="0" HPOS="0" VPOS="0" />
            <String ID="P22_S00116" HPOS="1036" VPOS="1734" WIDTH="307" HEIGHT="96" STYLEREFS="StyleId-2" CONTENT="Creek," WC="0.7133333" CC="520504" />
            <SP ID="P22_SP00101" WIDTH="0" HPOS="0" VPOS="0" />
            <String ID="P22_S00117" HPOS="1417" VPOS="1735" WIDTH="522" HEIGHT="94" STYLEREFS="StyleId-2" CONTENT="Tennessee," WC="0.718" CC="0003077144" />
            <SP ID="P22_SP00102" WIDTH="0" HPOS="0" VPOS="0" />
            <String ID="P22_S00118" HPOS="2017" VPOS="1731" WIDTH="364" HEIGHT="102" STYLEREFS="StyleId-2" CONTENT="Singing" WC="0.737142861" CC="6005006" />
          </TextLine>
          <TextLine ID="P22_TL00017" HPOS="1278" VPOS="1909" WIDTH="448" HEIGHT="55">
            <String ID="P22_S00119" HPOS="1278" VPOS="1908" WIDTH="172" HEIGHT="60" STYLEREFS="StyleId-0" CONTENT="April" WC="0.81" CC="00504" />
            <SP ID="P22_SP00103" WIDTH="0" HPOS="0" VPOS="0" />
            <String ID="P22_S00120" HPOS="1486" VPOS="1909" WIDTH="75" HEIGHT="58" STYLEREFS="StyleId-0" CONTENT="13," WC="0.8933333" CC="003" />
            <SP ID="P22_SP00104" WIDTH="0" HPOS="0" VPOS="0" />
            <String ID="P22_S00121" HPOS="1602" VPOS="1908" WIDTH="124" HEIGHT="60" STYLEREFS="StyleId-0" CONTENT="1958" WC="1" CC="0000" />
          </TextLine>
          <TextLine ID="P22_TL00018" HPOS="382" VPOS="2059" WIDTH="2365" HEIGHT="40">
            <String ID="P22_S00122" HPOS="382" VPOS="2062" WIDTH="199" HEIGHT="46" STYLEREFS="StyleId-0" CONTENT="House" WC="0.878" CC="40200" />
            <SP ID="P22_SP00105" WIDTH="0" HPOS="0" VPOS="0" />
            <String ID="P22_S00123" HPOS="618" VPOS="2056" WIDTH="193" HEIGHT="52" STYLEREFS="StyleId-0" CONTENT="called" WC="1" CC="000000" />
            <SP ID="P22_SP00106" WIDTH="0" HPOS="0" VPOS="0" />
            <String ID="P22_S00124" HPOS="843" VPOS="2058" WIDTH="61" HEIGHT="51" STYLEREFS="StyleId-0" CONTENT="to" WC="1" CC="00" />
            <SP ID="P22_SP00107" WIDTH="0" HPOS="0" VPOS="0" />
            <String ID="P22_S00125" HPOS="939" VPOS="2056" WIDTH="175" HEIGHT="52" STYLEREFS="StyleId-0" CONTENT="order" WC="0.814" CC="01007" />
            <SP ID="P22_SP00108" WIDTH="0" HPOS="0" VPOS="0" />
            <String ID="P22_S00126" HPOS="1147" VPOS="2055" WIDTH="79" HEIGHT="57" STYLEREFS="StyleId-0" CONTENT="by" WC="0.75" CC="50" />
            <SP ID="P22_SP00109" WIDTH="0" HPOS="0" VPOS="0" />
            <String ID="P22_S00127" HPOS="1261" VPOS="2055" WIDTH="157" HEIGHT="57" STYLEREFS="StyleId-0" CONTENT="Odas" WC="0.98" CC="0000" />
            <SP ID="P22_SP00110" WIDTH="0" HPOS="0" VPOS="0" />
            <String ID="P22_S00128" HPOS="1453" VPOS="2053" WIDTH="115" HEIGHT="58" STYLEREFS="StyleId-0" CONTENT="Lee" WC="0.873333335" CC="300" />
            <SP ID="P22_SP00111" WIDTH="0" HPOS="0" VPOS="0" />
            <String ID="P22_S00129" HPOS="1603" VPOS="2050" WIDTH="265" HEIGHT="61" STYLEREFS="StyleId-0" CONTENT="Newton." WC="1" CC="0000000" />
            <SP ID="P22_SP00112" WIDTH="0" HPOS="0" VPOS="0" />
            <String ID="P22_S00130" HPOS="1903" VPOS="2050" WIDTH="220" HEIGHT="61" STYLEREFS="StyleId-0" CONTENT="Prayer" WC="0.7366667" CC="205006" />
            <SP ID="P22_SP00113" WIDTH="0" HPOS="0" VPOS="0" />
            <String ID="P22_S00131" HPOS="2160" VPOS="2047" WIDTH="79" HEIGHT="64" STYLEREFS="StyleId-0" CONTENT="by" WC="1" CC="00" />
            <SP ID="P22_SP00114" WIDTH="0" HPOS="0" VPOS="0" />
            <String ID="P22_S00132" HPOS="2271" VPOS="2047" WIDTH="78" HEIGHT="64" STYLEREFS="StyleId-0" CONTENT="M." WC="1" CC="00" />
            <SP ID="P22_SP00115" WIDTH="0" HPOS="0" VPOS="0" />
            <String ID="P22_S00133" HPOS="2385" VPOS="2047" WIDTH="61" HEIGHT="64" STYLEREFS="StyleId-0" CONTENT="L." WC="1" CC="00" />
            <SP ID="P22_SP00116" WIDTH="0" HPOS="0" VPOS="0" />
            <String ID="P22_S00134" HPOS="2481" VPOS="2044" WIDTH="265" HEIGHT="67" STYLEREFS="StyleId-0" CONTENT="Jenkins." WC="0.88875" CC="00000602" />
          </TextLine>
          <TextLine ID="P22_TL00019" HPOS="246" VPOS="2137" WIDTH="2502" HEIGHT="40">
            <String ID="P22_S00135" HPOS="246" VPOS="2137" WIDTH="123" HEIGHT="49" STYLEREFS="StyleId-0" CONTENT="The" WC="0.663333356" CC="640" />
            <SP ID="P22_SP00117" WIDTH="0" HPOS="0" VPOS="0" />
            <String ID="P22_S00136" HPOS="418" VPOS="2136" WIDTH="310" HEIGHT="57" STYLEREFS="StyleId-0" CONTENT="following" WC="0.964444458" CC="300000000" />
            <SP ID="P22_SP00118" WIDTH="0" HPOS="0" VPOS="0" />
            <String ID="P22_S00137" HPOS="778" VPOS="2134" WIDTH="241" HEIGHT="58" STYLEREFS="StyleId-0" CONTENT="officers" WC="0.8325" CC="03500040" />
            <SP ID="P22_SP00119" WIDTH="0" HPOS="0" VPOS="0" />
            <String ID="P22_S00138" HPOS="1071" VPOS="2146" WIDTH="159" HEIGHT="46" STYLEREFS="StyleId-0" CONTENT="were" WC="0.8925" CC="0040" />
            <SP ID="P22_SP00120" WIDTH="0" HPOS="0" VPOS="0" />
            <String ID="P22_S00139" HPOS="1281" VPOS="2130" WIDTH="226" HEIGHT="63" STYLEREFS="StyleId-0" CONTENT="elected" WC="1" CC="0000000" />
            <SP ID="P22_SP00121" WIDTH="0" HPOS="0" VPOS="0" />
            <String ID="P22_S00140" HPOS="1560" VPOS="2128" WIDTH="115" HEIGHT="64" STYLEREFS="StyleId-0" CONTENT="and" WC="0.89" CC="300" />
            <SP ID="P22_SP00122" WIDTH="0" HPOS="0" VPOS="0" />
            <String ID="P22_S00141" HPOS="1726" VPOS="2127" WIDTH="328" HEIGHT="66" STYLEREFS="StyleId-0" CONTENT="appointed," WC="0.942" CC="5000000000" />
            <SP ID="P22_SP00123" WIDTH="0" HPOS="0" VPOS="0" />
            <String ID="P22_S00142" HPOS="2109" VPOS="2125" WIDTH="154" HEIGHT="67" STYLEREFS="StyleId-0" CONTENT="Odas" WC="1" CC="0000" />
            <SP ID="P22_SP00124" WIDTH="0" HPOS="0" VPOS="0" />
            <String ID="P22_S00143" HPOS="2316" VPOS="2124" WIDTH="114" HEIGHT="69" STYLEREFS="StyleId-0" CONTENT="Lee" WC="1" CC="000" />
            <SP ID="P22_SP00125" WIDTH="0" HPOS="0" VPOS="0" />
            <String ID="P22_S00144" HPOS="2482" VPOS="2122" WIDTH="265" HEIGHT="70" STYLEREFS="StyleId-0" CONTENT="Newton," WC="1" CC="0000000" />
          </TextLine>
          <TextLine ID="P22_TL00020" HPOS="252" VPOS="2215" WIDTH="2496" HEIGHT="39">
            <String ID="P22_S00145" HPOS="252" VPOS="2215" WIDTH="321" HEIGHT="49" STYLEREFS="StyleId-0" CONTENT="Chairman" WC="0.93125" CC="30001000" />
            <SP ID="P22_SP00126" WIDTH="0" HPOS="0" VPOS="0" />
            <String ID="P22_S00146" HPOS="613" VPOS="2214" WIDTH="117" HEIGHT="51" STYLEREFS="StyleId-0" CONTENT="and" WC="0.853333354" CC="400" />
            <SP ID="P22_SP00127" WIDTH="0" HPOS="0" VPOS="0" />
            <String ID="P22_S00147" HPOS="771" VPOS="2211" WIDTH="223" HEIGHT="54" STYLEREFS="StyleId-0" CONTENT="Arlene" WC="0.91" CC="050000" />
            <SP ID="P22_SP00128" WIDTH="0" HPOS="0" VPOS="0" />
            <String ID="P22_S00148" HPOS="1035" VPOS="2209" WIDTH="175" HEIGHT="55" STYLEREFS="StyleId-0" CONTENT="Ezell," WC="1" CC="000000" />
            <SP ID="P22_SP00129" WIDTH="0" HPOS="0" VPOS="0" />
            <String ID="P22_S00149" HPOS="1255" VPOS="2208" WIDTH="289" HEIGHT="57" STYLEREFS="StyleId-0" CONTENT="Scretary." WC="0.896666646" CC="004000400" />
            <SP ID="P22_SP00130" WIDTH="0" HPOS="0" VPOS="0" />
            <String ID="P22_S00150" HPOS="1585" VPOS="2203" WIDTH="336" HEIGHT="61" STYLEREFS="StyleId-0" CONTENT="Arranging" WC="0.9288889" CC="006000000" />
            <SP ID="P22_SP00131" WIDTH="0" HPOS="0" VPOS="0" />
            <String ID="P22_S00151" HPOS="1963" VPOS="2202" WIDTH="364" HEIGHT="63" STYLEREFS="StyleId-0" CONTENT="Committee," WC="1" CC="0000000000" />
            <SP ID="P22_SP00132" WIDTH="0" HPOS="0" VPOS="0" />
            <String ID="P22_S00152" HPOS="2370" VPOS="2200" WIDTH="120" HEIGHT="64" STYLEREFS="StyleId-0" CONTENT="Jim" WC="1" CC="000" />
            <SP ID="P22_SP00133" WIDTH="0" HPOS="0" VPOS="0" />
            <String ID="P22_S00153" HPOS="2532" VPOS="2199" WIDTH="216" HEIGHT="66" STYLEREFS="StyleId-0" CONTENT="Defore" WC="0.83" CC="006030" />
          </TextLine>
          <TextLine ID="P22_TL00021" HPOS="249" VPOS="2293" WIDTH="2500" HEIGHT="39">
            <String ID="P22_S00154" HPOS="250" VPOS="2295" WIDTH="118" HEIGHT="48" STYLEREFS="StyleId-0" CONTENT="and" WC="0.76" CC="700" />
            <SP ID="P22_SP00134" WIDTH="0" HPOS="0" VPOS="0" />
            <String ID="P22_S00155" HPOS="397" VPOS="2293" WIDTH="232" HEIGHT="55" STYLEREFS="StyleId-0" CONTENT="George" WC="0.9266667" CC="000400" />
            <SP ID="P22_SP00135" WIDTH="0" HPOS="0" VPOS="0" />
            <String ID="P22_S00156" HPOS="661" VPOS="2290" WIDTH="79" HEIGHT="58" STYLEREFS="StyleId-0" CONTENT="M." WC="1" CC="00" />
            <SP ID="P22_SP00136" WIDTH="0" HPOS="0" VPOS="0" />
            <String ID="P22_S00157" HPOS="772" VPOS="2289" WIDTH="247" HEIGHT="60" STYLEREFS="StyleId-0" CONTENT="Mattox." WC="0.942857146" CC="0040000" />
            <SP ID="P22_SP00137" WIDTH="0" HPOS="0" VPOS="0" />
            <String ID="P22_S00158" HPOS="1086" VPOS="2286" WIDTH="157" HEIGHT="63" STYLEREFS="StyleId-0" CONTENT="First" WC="0.912" CC="00300" />
            <SP ID="P22_SP00138" WIDTH="0" HPOS="0" VPOS="0" />
            <String ID="P22_S00159" HPOS="1272" VPOS="2284" WIDTH="217" HEIGHT="64" STYLEREFS="StyleId-0" CONTENT="leader," WC="0.917142868" CC="0000050" />
            <SP ID="P22_SP00139" WIDTH="0" HPOS="0" VPOS="0" />
            <String ID="P22_S00160" HPOS="1522" VPOS="2283" WIDTH="66" HEIGHT="66" STYLEREFS="StyleId-0" CONTENT="O." WC="0.765" CC="40" />
            <SP ID="P22_SP00140" WIDTH="0" HPOS="0" VPOS="0" />
            <String ID="P22_S00161" HPOS="1620" VPOS="2283" WIDTH="63" HEIGHT="66" STYLEREFS="StyleId-0" CONTENT="L." WC="1" CC="00" />
            <SP ID="P22_SP00141" WIDTH="0" HPOS="0" VPOS="0" />
            <String ID="P22_S00162" HPOS="1714" VPOS="2281" WIDTH="265" HEIGHT="67" STYLEREFS="StyleId-0" CONTENT="Newton," WC="1" CC="0000000" />
            <SP ID="P22_SP00142" WIDTH="0" HPOS="0" VPOS="0" />
            <String ID="P22_S00163" HPOS="2011" VPOS="2280" WIDTH="52" HEIGHT="69" STYLEREFS="StyleId-0" CONTENT="J." WC="1" CC="00" />
            <SP ID="P22_SP00143" WIDTH="0" HPOS="0" VPOS="0" />
            <String ID="P22_S00164" HPOS="2095" VPOS="2280" WIDTH="67" HEIGHT="69" STYLEREFS="StyleId-0" CONTENT="D." WC="1" CC="00" />
            <SP ID="P22_SP00144" WIDTH="0" HPOS="0" VPOS="0" />
            <String ID="P22_S00165" HPOS="2194" VPOS="2278" WIDTH="280" HEIGHT="70" STYLEREFS="StyleId-0" CONTENT="Johnson," WC="0.965" CC="02000000" />
            <SP ID="P22_SP00145" WIDTH="0" HPOS="0" VPOS="0" />
            <String ID="P22_S00166" HPOS="2508" VPOS="2275" WIDTH="241" HEIGHT="73" STYLEREFS="StyleId-0" CONTENT="Gordon" WC="0.7966667" CC="002009" />
          </TextLine>
          <TextLine ID="P22_TL00022" HPOS="250" VPOS="2368" WIDTH="1752" HEIGHT="46">
            <String ID="P22_S00167" HPOS="250" VPOS="2370" WIDTH="348" HEIGHT="55" STYLEREFS="StyleId-0" CONTENT="Wilkerson," WC="0.856" CC="10000040000" />
            <SP ID="P22_SP00146" WIDTH="0" HPOS="0" VPOS="0" />
            <String ID="P22_S00168" HPOS="642" VPOS="2368" WIDTH="142" HEIGHT="57" STYLEREFS="StyleId-0" CONTENT="Mrs." WC="0.9225" CC="0300" />
            <SP ID="P22_SP00147" WIDTH="0" HPOS="0" VPOS="0" />
            <String ID="P22_S00169" HPOS="828" VPOS="2365" WIDTH="255" HEIGHT="60" STYLEREFS="StyleId-0" CONTENT="Edward" WC="0.923333347" CC="200020" />
            <SP ID="P22_SP00148" WIDTH="0" HPOS="0" VPOS="0" />
            <String ID="P22_S00170" HPOS="1126" VPOS="2361" WIDTH="174" HEIGHT="64" STYLEREFS="StyleId-0" CONTENT="Ezell," WC="0.886666656" CC="400020" />
            <SP ID="P22_SP00149" WIDTH="0" HPOS="0" VPOS="0" />
            <String ID="P22_S00171" HPOS="1360" VPOS="2359" WIDTH="286" HEIGHT="66" STYLEREFS="StyleId-0" CONTENT="Franklin" WC="0.8925" CC="32300000" />
            <SP ID="P22_SP00150" WIDTH="0" HPOS="0" VPOS="0" />
            <String ID="P22_S00172" HPOS="1680" VPOS="2356" WIDTH="322" HEIGHT="69" STYLEREFS="StyleId-0" CONTENT="Birdshaw." WC="0.945555568" CC="200000200" />
          </TextLine>
          <TextLine ID="P22_TL00023" HPOS="385" VPOS="2463" WIDTH="552" HEIGHT="45">
            <String ID="P22_S00173" HPOS="385" VPOS="2464" WIDTH="145" HEIGHT="48" STYLEREFS="StyleId-0" CONTENT="Rest" WC="0.8175" CC="7000" />
            <SP ID="P22_SP00151" WIDTH="0" HPOS="0" VPOS="0" />
            <String ID="P22_S00174" HPOS="564" VPOS="2464" WIDTH="64" HEIGHT="48" STYLEREFS="StyleId-0" CONTENT="10" WC="0.525" CC="36" />
            <SP ID="P22_SP00152" WIDTH="0" HPOS="0" VPOS="0" />
            <String ID="P22_S00175" HPOS="657" VPOS="2460" WIDTH="280" HEIGHT="52" STYLEREFS="StyleId-0" CONTENT="Minutes." WC="0.93" CC="03000001" />
          </TextLine>
          <TextLine ID="P22_TL00024" HPOS="388" VPOS="2554" WIDTH="2362" HEIGHT="42">
            <String ID="P22_S00176" HPOS="388" VPOS="2559" WIDTH="208" HEIGHT="48" STYLEREFS="StyleId-0" CONTENT="Called" WC="0.9316667" CC="400000" />
            <SP ID="P22_SP00153" WIDTH="0" HPOS="0" VPOS="0" />
            <String ID="P22_S00177" HPOS="637" VPOS="2557" WIDTH="60" HEIGHT="49" STYLEREFS="StyleId-0" CONTENT="to" WC="0.81" CC="30" />
            <SP ID="P22_SP00154" WIDTH="0" HPOS="0" VPOS="0" />
            <String ID="P22_S00178" HPOS="742" VPOS="2554" WIDTH="175" HEIGHT="52" STYLEREFS="StyleId-0" CONTENT="order" WC="0.768" CC="04007" />
            <SP ID="P22_SP00155" WIDTH="0" HPOS="0" VPOS="0" />
            <String ID="P22_S00179" HPOS="958" VPOS="2553" WIDTH="79" HEIGHT="57" STYLEREFS="StyleId-0" CONTENT="by" WC="0.73" CC="50" />
            <SP ID="P22_SP00156" WIDTH="0" HPOS="0" VPOS="0" />
            <String ID="P22_S00180" HPOS="1081" VPOS="2550" WIDTH="334" HEIGHT="60" STYLEREFS="StyleId-0" CONTENT="Chairman." WC="0.9077778" CC="260000000" />
            <SP ID="P22_SP00157" WIDTH="0" HPOS="0" VPOS="0" />
            <String ID="P22_S00181" HPOS="1494" VPOS="2547" WIDTH="270" HEIGHT="63" STYLEREFS="StyleId-0" CONTENT="Leaders," WC="0.94375" CC="10000100" />
            <SP ID="P22_SP00158" WIDTH="0" HPOS="0" VPOS="0" />
            <String ID="P22_S00182" HPOS="1807" VPOS="2544" WIDTH="267" HEIGHT="66" STYLEREFS="StyleId-0" CONTENT="Beatrice" WC="0.74375" CC="67302000" />
            <SP ID="P22_SP00159" WIDTH="0" HPOS="0" VPOS="0" />
            <String ID="P22_S00183" HPOS="2118" VPOS="2541" WIDTH="172" HEIGHT="69" STYLEREFS="StyleId-0" CONTENT="Ezell," WC="0.9716667" CC="100000" />
            <SP ID="P22_SP00160" WIDTH="0" HPOS="0" VPOS="0" />
            <String ID="P22_S00184" HPOS="2338" VPOS="2539" WIDTH="199" HEIGHT="70" STYLEREFS="StyleId-0" CONTENT="Grady" WC="0.934" CC="30000" />
            <SP ID="P22_SP00161" WIDTH="0" HPOS="0" VPOS="0" />
            <String ID="P22_S00185" HPOS="2581" VPOS="2539" WIDTH="169" HEIGHT="70" STYLEREFS="StyleId-0" CONTENT="Free¬" WC="0.944" CC="02000" />
          </TextLine>
          <TextLine ID="P22_TL00025" HPOS="256" VPOS="2632" WIDTH="2494" HEIGHT="42">
            <String ID="P22_S00186" HPOS="256" VPOS="2649" WIDTH="150" HEIGHT="43" STYLEREFS="StyleId-0" CONTENT="man," WC="0.84" CC="6000" />
            <SP ID="P22_SP00162" WIDTH="0" HPOS="0" VPOS="0" />
            <String ID="P22_S00187" HPOS="444" VPOS="2634" WIDTH="261" HEIGHT="58" STYLEREFS="StyleId-0" CONTENT="William" WC="0.8057143" CC="10000030" />
            <SP ID="P22_SP00163" WIDTH="0" HPOS="0" VPOS="0" />
            <String ID="P22_S00188" HPOS="739" VPOS="2632" WIDTH="61" HEIGHT="60" STYLEREFS="StyleId-0" CONTENT="T." WC="0.835" CC="03" />
            <SP ID="P22_SP00164" WIDTH="0" HPOS="0" VPOS="0" />
            <String ID="P22_S00189" HPOS="837" VPOS="2631" WIDTH="250" HEIGHT="61" STYLEREFS="StyleId-0" CONTENT="Rhodes," WC="0.921428561" CC="5000000" />
            <SP ID="P22_SP00165" WIDTH="0" HPOS="0" VPOS="0" />
            <String ID="P22_S00190" HPOS="1125" VPOS="2628" WIDTH="138" HEIGHT="64" STYLEREFS="StyleId-0" CONTENT="Otto" WC="1" CC="0000" />
            <SP ID="P22_SP00166" WIDTH="0" HPOS="0" VPOS="0" />
            <String ID="P22_S00191" HPOS="1300" VPOS="2625" WIDTH="222" HEIGHT="67" STYLEREFS="StyleId-0" CONTENT="Allred," WC="0.9057143" CC="0402000" />
            <SP ID="P22_SP00167" WIDTH="0" HPOS="0" VPOS="0" />
            <String ID="P22_S00192" HPOS="1560" VPOS="2623" WIDTH="142" HEIGHT="69" STYLEREFS="StyleId-0" CONTENT="Miss" WC="1" CC="0000" />
            <SP ID="P22_SP00168" WIDTH="0" HPOS="0" VPOS="0" />
            <String ID="P22_S00193" HPOS="1738" VPOS="2623" WIDTH="252" HEIGHT="69" STYLEREFS="StyleId-0" CONTENT="Frances" WC="0.9142857" CC="0600000" />
            <SP ID="P22_SP00169" WIDTH="0" HPOS="0" VPOS="0" />
            <String ID="P22_S00194" HPOS="2026" VPOS="2620" WIDTH="238" HEIGHT="72" STYLEREFS="StyleId-0" CONTENT="Graves," WC="0.8842857" CC="2500000" />
            <SP ID="P22_SP00170" WIDTH="0" HPOS="0" VPOS="0" />
            <String ID="P22_S00195" HPOS="2302" VPOS="2617" WIDTH="147" HEIGHT="75" STYLEREFS="StyleId-0" CONTENT="Jobe" WC="0.8475" CC="0060" />
            <SP ID="P22_SP00171" WIDTH="0" HPOS="0" VPOS="0" />
            <String ID="P22_S00196" HPOS="2485" VPOS="2616" WIDTH="265" HEIGHT="76" STYLEREFS="StyleId-0" CONTENT="Thomas," WC="0.8442857" CC="0100243" />
          </TextLine>
          <TextLine ID="P22_TL00026" HPOS="258" VPOS="2710" WIDTH="1474" HEIGHT="48">
            <String ID="P22_S00197" HPOS="258" VPOS="2713" WIDTH="223" HEIGHT="49" STYLEREFS="StyleId-0" CONTENT="Lucille" WC="0.892857134" CC="2400000" />
            <SP ID="P22_SP00172" WIDTH="0" HPOS="0" VPOS="0" />
            <String ID="P22_S00198" HPOS="517" VPOS="2712" WIDTH="246" HEIGHT="54" STYLEREFS="StyleId-0" CONTENT="Petters," WC="0.88875" CC="40000400" />
            <SP ID="P22_SP00173" WIDTH="0" HPOS="0" VPOS="0" />
            <String ID="P22_S00199" HPOS="799" VPOS="2707" WIDTH="196" HEIGHT="58" STYLEREFS="StyleId-0" CONTENT="Dellia" WC="0.998333335" CC="000000" />
            <SP ID="P22_SP00174" WIDTH="0" HPOS="0" VPOS="0" />
            <String ID="P22_S00200" HPOS="1030" VPOS="2706" WIDTH="199" HEIGHT="60" STYLEREFS="StyleId-0" CONTENT="Watts," WC="1" CC="000000" />
            <SP ID="P22_SP00175" WIDTH="0" HPOS="0" VPOS="0" />
            <String ID="P22_S00201" HPOS="1267" VPOS="2704" WIDTH="64" HEIGHT="61" STYLEREFS="StyleId-0" CONTENT="O." WC="1" CC="00" />
            <SP ID="P22_SP00176" WIDTH="0" HPOS="0" VPOS="0" />
            <String ID="P22_S00202" HPOS="1368" VPOS="2703" WIDTH="61" HEIGHT="63" STYLEREFS="StyleId-0" CONTENT="L." WC="1" CC="00" />
            <SP ID="P22_SP00177" WIDTH="0" HPOS="0" VPOS="0" />
            <String ID="P22_S00203" HPOS="1465" VPOS="2700" WIDTH="267" HEIGHT="66" STYLEREFS="StyleId-0" CONTENT="Newton." WC="1" CC="0000000" />
          </TextLine>
          <TextLine ID="P22_TL00027" HPOS="391" VPOS="2803" WIDTH="676" HEIGHT="48">
            <String ID="P22_S00204" HPOS="391" VPOS="2808" WIDTH="127" HEIGHT="48" STYLEREFS="StyleId-0" CONTENT="One" WC="0.88" CC="300" />
            <SP ID="P22_SP00178" WIDTH="0" HPOS="0" VPOS="0" />
            <String ID="P22_S00205" HPOS="555" VPOS="2805" WIDTH="151" HEIGHT="51" STYLEREFS="StyleId-0" CONTENT="hour" WC="0.9675" CC="0001" />
            <SP ID="P22_SP00179" WIDTH="0" HPOS="0" VPOS="0" />
            <String ID="P22_S00206" HPOS="741" VPOS="2803" WIDTH="96" HEIGHT="52" STYLEREFS="StyleId-0" CONTENT="for" WC="0.6166667" CC="505" />
            <SP ID="P22_SP00180" WIDTH="0" HPOS="0" VPOS="0" />
            <String ID="P22_S00207" HPOS="868" VPOS="2799" WIDTH="199" HEIGHT="57" STYLEREFS="StyleId-0" CONTENT="lunch." WC="1" CC="000000" />
          </TextLine>
          <TextLine ID="P22_TL00028" HPOS="390" VPOS="2895" WIDTH="2364" HEIGHT="43">
            <String ID="P22_S00208" HPOS="391" VPOS="2899" WIDTH="208" HEIGHT="51" STYLEREFS="StyleId-0" CONTENT="Called" WC="0.9583333" CC="200000" />
            <SP ID="P22_SP00181" WIDTH="0" HPOS="0" VPOS="0" />
            <String ID="P22_S00209" HPOS="628" VPOS="2899" WIDTH="60" HEIGHT="51" STYLEREFS="StyleId-0" CONTENT="to" WC="1" CC="00" />
            <SP ID="P22_SP00182" WIDTH="0" HPOS="0" VPOS="0" />
            <String ID="P22_S00210" HPOS="720" VPOS="2898" WIDTH="175" HEIGHT="52" STYLEREFS="StyleId-0" CONTENT="order" WC="0.866" CC="06000" />
            <SP ID="P22_SP00183" WIDTH="0" HPOS="0" VPOS="0" />
            <String ID="P22_S00211" HPOS="924" VPOS="2895" WIDTH="81" HEIGHT="57" STYLEREFS="StyleId-0" CONTENT="by" WC="0.98" CC="00" />
            <SP ID="P22_SP00184" WIDTH="0" HPOS="0" VPOS="0" />
            <String ID="P22_S00212" HPOS="1032" VPOS="2893" WIDTH="79" HEIGHT="58" STYLEREFS="StyleId-0" CONTENT="M." WC="1" CC="00" />
            <SP ID="P22_SP00185" WIDTH="0" HPOS="0" VPOS="0" />
            <String ID="P22_S00213" HPOS="1141" VPOS="2892" WIDTH="63" HEIGHT="60" STYLEREFS="StyleId-0" CONTENT="L." WC="1" CC="00" />
            <SP ID="P22_SP00186" WIDTH="0" HPOS="0" VPOS="0" />
            <String ID="P22_S00214" HPOS="1233" VPOS="2889" WIDTH="268" HEIGHT="63" STYLEREFS="StyleId-0" CONTENT="Jenkins." WC="0.95" CC="00004000" />
            <SP ID="P22_SP00187" WIDTH="0" HPOS="0" VPOS="0" />
            <String ID="P22_S00215" HPOS="1563" VPOS="2887" WIDTH="270" HEIGHT="64" STYLEREFS="StyleId-0" CONTENT="Leaders," WC="0.94125" CC="00000300" />
            <SP ID="P22_SP00188" WIDTH="0" HPOS="0" VPOS="0" />
            <String ID="P22_S00216" HPOS="1863" VPOS="2883" WIDTH="220" HEIGHT="69" STYLEREFS="StyleId-0" CONTENT="Arlene" WC="0.938333333" CC="003000" />
            <SP ID="P22_SP00189" WIDTH="0" HPOS="0" VPOS="0" />
            <String ID="P22_S00217" HPOS="2113" VPOS="2881" WIDTH="174" HEIGHT="70" STYLEREFS="StyleId-0" CONTENT="Ezell," WC="0.933333337" CC="400000" />
            <SP ID="P22_SP00190" WIDTH="0" HPOS="0" VPOS="0" />
            <String ID="P22_S00218" HPOS="2317" VPOS="2880" WIDTH="213" HEIGHT="72" STYLEREFS="StyleId-0" CONTENT="Albert" WC="0.841666639" CC="020051" />
            <SP ID="P22_SP00191" WIDTH="0" HPOS="0" VPOS="0" />
            <String ID="P22_S00219" HPOS="2556" VPOS="2878" WIDTH="198" HEIGHT="73" STYLEREFS="StyleId-0" CONTENT="Davis," WC="0.886666656" CC="000204" />
          </TextLine>
          <TextLine ID="P22_TL00029" HPOS="259" VPOS="2973" WIDTH="2104" HEIGHT="48">
            <String ID="P22_S00220" HPOS="259" VPOS="2980" WIDTH="126" HEIGHT="55" STYLEREFS="StyleId-0" CONTENT="Roy" WC="1" CC="000" />
            <SP ID="P22_SP00192" WIDTH="0" HPOS="0" VPOS="0" />
            <String ID="P22_S00221" HPOS="415" VPOS="2979" WIDTH="192" HEIGHT="57" STYLEREFS="StyleId-0" CONTENT="Lyles," WC="0.941666663" CC="102000" />
            <SP ID="P22_SP00193" WIDTH="0" HPOS="0" VPOS="0" />
            <String ID="P22_S00222" HPOS="642" VPOS="2976" WIDTH="51" HEIGHT="60" STYLEREFS="StyleId-0" CONTENT="J." WC="1" CC="00" />
            <SP ID="P22_SP00194" WIDTH="0" HPOS="0" VPOS="0" />
            <String ID="P22_S00223" HPOS="726" VPOS="2974" WIDTH="69" HEIGHT="61" STYLEREFS="StyleId-0" CONTENT="A." WC="1" CC="00" />
            <SP ID="P22_SP00195" WIDTH="0" HPOS="0" VPOS="0" />
            <String ID="P22_S00224" HPOS="826" VPOS="2973" WIDTH="240" HEIGHT="63" STYLEREFS="StyleId-0" CONTENT="Adams," WC="0.9316667" CC="000004" />
            <SP ID="P22_SP00196" WIDTH="0" HPOS="0" VPOS="0" />
            <String ID="P22_S00225" HPOS="1099" VPOS="2970" WIDTH="69" HEIGHT="66" STYLEREFS="StyleId-0" CONTENT="G." WC="1" CC="00" />
            <SP ID="P22_SP00197" WIDTH="0" HPOS="0" VPOS="0" />
            <String ID="P22_S00226" HPOS="1200" VPOS="2968" WIDTH="79" HEIGHT="67" STYLEREFS="StyleId-0" CONTENT="M." WC="0.805" CC="03" />
            <SP ID="P22_SP00198" WIDTH="0" HPOS="0" VPOS="0" />
            <String ID="P22_S00227" HPOS="1311" VPOS="2965" WIDTH="244" HEIGHT="70" STYLEREFS="StyleId-0" CONTENT="Mattox," WC="1" CC="0000000" />
            <SP ID="P22_SP00199" WIDTH="0" HPOS="0" VPOS="0" />
            <String ID="P22_S00228" HPOS="1588" VPOS="2964" WIDTH="151" HEIGHT="72" STYLEREFS="StyleId-0" CONTENT="Jean" WC="1" CC="0000" />
            <SP ID="P22_SP00200" WIDTH="0" HPOS="0" VPOS="0" />
            <String ID="P22_S00229" HPOS="1770" VPOS="2961" WIDTH="174" HEIGHT="75" STYLEREFS="StyleId-0" CONTENT="Ezell," WC="0.936666667" CC="000003" />
            <SP ID="P22_SP00201" WIDTH="0" HPOS="0" VPOS="0" />
            <String ID="P22_S00230" HPOS="1978" VPOS="2959" WIDTH="61" HEIGHT="76" STYLEREFS="StyleId-0" CONTENT="C." WC="0.805" CC="30" />
            <SP ID="P22_SP00202" WIDTH="0" HPOS="0" VPOS="0" />
            <String ID="P22_S00231" HPOS="2074" VPOS="2959" WIDTH="61" HEIGHT="76" STYLEREFS="StyleId-0" CONTENT="C." WC="0.89" CC="10" />
            <SP ID="P22_SP00203" WIDTH="0" HPOS="0" VPOS="0" />
            <String ID="P22_S00232" HPOS="2167" VPOS="2956" WIDTH="196" HEIGHT="79" STYLEREFS="StyleId-0" CONTENT="Davis." WC="0.945" CC="000003" />
          </TextLine>
          <TextLine ID="P22_TL00030" HPOS="391" VPOS="3070" WIDTH="547" HEIGHT="46">
            <String ID="P22_S00233" HPOS="391" VPOS="3073" WIDTH="142" HEIGHT="48" STYLEREFS="StyleId-0" CONTENT="Rest" WC="0.885" CC="0013" />
            <SP ID="P22_SP00204" WIDTH="0" HPOS="0" VPOS="0" />
            <String ID="P22_S00234" HPOS="567" VPOS="3072" WIDTH="63" HEIGHT="49" STYLEREFS="StyleId-0" CONTENT="10" WC="0.77" CC="40" />
            <SP ID="P22_SP00205" WIDTH="0" HPOS="0" VPOS="0" />
            <String ID="P22_S00235" HPOS="658" VPOS="3067" WIDTH="280" HEIGHT="54" STYLEREFS="StyleId-0" CONTENT="Minutes." WC="0.8275" CC="07600000" />
          </TextLine>
          <TextLine ID="P22_TL00031" HPOS="394" VPOS="3157" WIDTH="2361" HEIGHT="43">
            <String ID="P22_S00236" HPOS="394" VPOS="3165" WIDTH="208" HEIGHT="51" STYLEREFS="StyleId-0" CONTENT="Called" WC="0.9316667" CC="040000" />
            <SP ID="P22_SP00206" WIDTH="0" HPOS="0" VPOS="0" />
            <String ID="P22_S00237" HPOS="646" VPOS="3163" WIDTH="60" HEIGHT="52" STYLEREFS="StyleId-0" CONTENT="to" WC="0.745" CC="50" />
            <SP ID="P22_SP00207" WIDTH="0" HPOS="0" VPOS="0" />
            <String ID="P22_S00238" HPOS="754" VPOS="3160" WIDTH="174" HEIGHT="55" STYLEREFS="StyleId-0" CONTENT="order" WC="0.862" CC="05001" />
            <SP ID="P22_SP00208" WIDTH="0" HPOS="0" VPOS="0" />
            <String ID="P22_S00239" HPOS="973" VPOS="3159" WIDTH="79" HEIGHT="57" STYLEREFS="StyleId-0" CONTENT="by" WC="1" CC="00" />
            <SP ID="P22_SP00209" WIDTH="0" HPOS="0" VPOS="0" />
            <String ID="P22_S00240" HPOS="1099" VPOS="3154" WIDTH="337" HEIGHT="61" STYLEREFS="StyleId-0" CONTENT="Chairman." WC="0.9033333" CC="030030001" />
            <SP ID="P22_SP00210" WIDTH="0" HPOS="0" VPOS="0" />
            <String ID="P22_S00241" HPOS="1516" VPOS="3150" WIDTH="267" HEIGHT="66" STYLEREFS="StyleId-0" CONTENT="Leaders," WC="0.93875" CC="00100300" />
            <SP ID="P22_SP00211" WIDTH="0" HPOS="0" VPOS="0" />
            <String ID="P22_S00242" HPOS="1831" VPOS="3147" WIDTH="180" HEIGHT="69" STYLEREFS="StyleId-0" CONTENT="Maud" WC="0.9325" CC="0200" />
            <SP ID="P22_SP00212" WIDTH="0" HPOS="0" VPOS="0" />
            <String ID="P22_S00243" HPOS="2058" VPOS="3145" WIDTH="234" HEIGHT="70" STYLEREFS="StyleId-0" CONTENT="Adams," WC="1" CC="000000" />
            <SP ID="P22_SP00213" WIDTH="0" HPOS="0" VPOS="0" />
            <String ID="P22_S00244" HPOS="2340" VPOS="3144" WIDTH="67" HEIGHT="72" STYLEREFS="StyleId-0" CONTENT="H." WC="0.985" CC="00" />
            <SP ID="P22_SP00214" WIDTH="0" HPOS="0" VPOS="0" />
            <String ID="P22_S00245" HPOS="2455" VPOS="3144" WIDTH="67" HEIGHT="72" STYLEREFS="StyleId-0" CONTENT="N." WC="1" CC="00" />
            <SP ID="P22_SP00215" WIDTH="0" HPOS="0" VPOS="0" />
            <String ID="P22_S00246" HPOS="2566" VPOS="3141" WIDTH="189" HEIGHT="75" STYLEREFS="StyleId-0" CONTENT="Mabe," WC="0.78" CC="00604" />
          </TextLine>
          <TextLine ID="P22_TL00032" HPOS="259" VPOS="3235" WIDTH="2496" HEIGHT="46">
            <String ID="P22_S00247" HPOS="259" VPOS="3246" WIDTH="159" HEIGHT="48" STYLEREFS="StyleId-0" CONTENT="John" WC="0.935" CC="0020" />
            <SP ID="P22_SP00216" WIDTH="0" HPOS="0" VPOS="0" />
            <String ID="P22_S00248" HPOS="453" VPOS="3243" WIDTH="225" HEIGHT="55" STYLEREFS="StyleId-0" CONTENT="Butler," WC="0.8742857" CC="3300010" />
            <SP ID="P22_SP00217" WIDTH="0" HPOS="0" VPOS="0" />
            <String ID="P22_S00249" HPOS="712" VPOS="3240" WIDTH="79" HEIGHT="58" STYLEREFS="StyleId-0" CONTENT="M." WC="1" CC="00" />
            <SP ID="P22_SP00218" WIDTH="0" HPOS="0" VPOS="0" />
            <String ID="P22_S00250" HPOS="829" VPOS="3238" WIDTH="69" HEIGHT="60" STYLEREFS="StyleId-0" CONTENT="H." WC="0.975" CC="00" />
            <SP ID="P22_SP00219" WIDTH="0" HPOS="0" VPOS="0" />
            <String ID="P22_S00251" HPOS="936" VPOS="3232" WIDTH="325" HEIGHT="66" STYLEREFS="StyleId-0" CONTENT="Birdshaw," WC="0.9688889" CC="002000000" />
            <SP ID="P22_SP00220" WIDTH="0" HPOS="0" VPOS="0" />
            <String ID="P22_S00252" HPOS="1299" VPOS="3231" WIDTH="154" HEIGHT="67" STYLEREFS="StyleId-0" CONTENT="Dian" WC="1" CC="0000" />
            <SP ID="P22_SP00221" WIDTH="0" HPOS="0" VPOS="0" />
            <String ID="P22_S00253" HPOS="1489" VPOS="3226" WIDTH="204" HEIGHT="72" STYLEREFS="StyleId-0" CONTENT="Smith," WC="1" CC="000000" />
            <SP ID="P22_SP00222" WIDTH="0" HPOS="0" VPOS="0" />
            <String ID="P22_S00254" HPOS="1729" VPOS="3226" WIDTH="121" HEIGHT="72" STYLEREFS="StyleId-0" CONTENT="Jim" WC="1" CC="000" />
            <SP ID="P22_SP00223" WIDTH="0" HPOS="0" VPOS="0" />
            <String ID="P22_S00255" HPOS="1887" VPOS="3225" WIDTH="234" HEIGHT="73" STYLEREFS="StyleId-0" CONTENT="Defoor." WC="0.877142847" CC="0050020" />
            <SP ID="P22_SP00224" WIDTH="0" HPOS="0" VPOS="0" />
            <String ID="P22_S00256" HPOS="2193" VPOS="3220" WIDTH="208" HEIGHT="78" STYLEREFS="StyleId-0" CONTENT="Closed" WC="1" CC="000000" />
            <SP ID="P22_SP00225" WIDTH="0" HPOS="0" VPOS="0" />
            <String ID="P22_S00257" HPOS="2437" VPOS="3220" WIDTH="79" HEIGHT="78" STYLEREFS="StyleId-0" CONTENT="by" WC="0.635" CC="70" />
            <SP ID="P22_SP00226" WIDTH="0" HPOS="0" VPOS="0" />
            <String ID="P22_S00258" HPOS="2556" VPOS="3217" WIDTH="199" HEIGHT="81" STYLEREFS="StyleId-0" CONTENT="Chair¬" WC="0.825" CC="100053" />
          </TextLine>
          <TextLine ID="P22_TL00033" HPOS="262" VPOS="3315" WIDTH="1077" HEIGHT="55">
            <String ID="P22_S00259" HPOS="262" VPOS="3336" WIDTH="153" HEIGHT="36" STYLEREFS="StyleId-0" CONTENT="man." WC="0.8675" CC="0050" />
            <SP ID="P22_SP00227" WIDTH="0" HPOS="0" VPOS="0" />
            <String ID="P22_S00260" HPOS="484" VPOS="3322" WIDTH="225" HEIGHT="54" STYLEREFS="StyleId-0" CONTENT="Prayer" WC="0.66" CC="544005" />
            <SP ID="P22_SP00228" WIDTH="0" HPOS="0" VPOS="0" />
            <String ID="P22_S00261" HPOS="744" VPOS="3316" WIDTH="79" HEIGHT="60" STYLEREFS="StyleId-0" CONTENT="by" WC="0.65" CC="70" />
            <SP ID="P22_SP00229" WIDTH="0" HPOS="0" VPOS="0" />
            <String ID="P22_S00262" HPOS="859" VPOS="3315" WIDTH="79" HEIGHT="61" STYLEREFS="StyleId-0" CONTENT="M." WC="1" CC="00" />
            <SP ID="P22_SP00230" WIDTH="0" HPOS="0" VPOS="0" />
            <String ID="P22_S00263" HPOS="975" VPOS="3312" WIDTH="61" HEIGHT="64" STYLEREFS="StyleId-0" CONTENT="L." WC="0.685" CC="33" />
            <SP ID="P22_SP00231" WIDTH="0" HPOS="0" VPOS="0" />
            <String ID="P22_S00264" HPOS="1071" VPOS="3307" WIDTH="268" HEIGHT="69" STYLEREFS="StyleId-0" CONTENT="Jenkins." WC="0.9925" CC="00000000" />
          </TextLine>
          <TextLine ID="P22_TL00034" HPOS="1173" VPOS="3417" WIDTH="1119" HEIGHT="49">
            <String ID="P22_S00265" HPOS="1173" VPOS="3417" WIDTH="202" HEIGHT="51" STYLEREFS="StyleId-0" CONTENT="ODAS" WC="1" CC="0000" />
            <SP ID="P22_SP00232" WIDTH="0" HPOS="0" VPOS="0" />
            <String ID="P22_S00266" HPOS="1416" VPOS="3415" WIDTH="138" HEIGHT="52" STYLEREFS="StyleId-0" CONTENT="LEE" WC="0.86" CC="102" />
            <SP ID="P22_SP00233" WIDTH="0" HPOS="0" VPOS="0" />
            <String ID="P22_S00267" HPOS="1591" VPOS="3412" WIDTH="340" HEIGHT="55" STYLEREFS="StyleId-0" CONTENT="NEWTON," WC="0.9557143" CC="0000003" />
            <SP ID="P22_SP00234" WIDTH="0" HPOS="0" VPOS="0" />
            <String ID="P22_S00268" HPOS="1974" VPOS="3409" WIDTH="318" HEIGHT="58" STYLEREFS="StyleId-0" CONTENT="Chairman" WC="0.96875" CC="00002000" />
          </TextLine>
          <TextLine ID="P22_TL00035" HPOS="1171" VPOS="3526" WIDTH="1138" HEIGHT="48">
            <String ID="P22_S00269" HPOS="1171" VPOS="3528" WIDTH="178" HEIGHT="49" STYLEREFS="StyleId-0" CONTENT="MISS" WC="1" CC="0000" />
            <SP ID="P22_SP00235" WIDTH="0" HPOS="0" VPOS="0" />
            <String ID="P22_S00270" HPOS="1383" VPOS="3523" WIDTH="300" HEIGHT="54" STYLEREFS="StyleId-0" CONTENT="ARLENE" WC="0.8016667" CC="062002" />
            <SP ID="P22_SP00236" WIDTH="0" HPOS="0" VPOS="0" />
            <String ID="P22_S00271" HPOS="1714" VPOS="3522" WIDTH="252" HEIGHT="55" STYLEREFS="StyleId-0" CONTENT="EZELL," WC="0.831666648" CC="003041" />
            <SP ID="P22_SP00237" WIDTH="0" HPOS="0" VPOS="0" />
            <String ID="P22_S00272" HPOS="2001" VPOS="3520" WIDTH="309" HEIGHT="57" STYLEREFS="StyleId-0" CONTENT="Secretary" WC="0.9577778" CC="000300000" />
          </TextLine>
          <TextLine ID="P22_TL00036" HPOS="1488" VPOS="3730" WIDTH="64" HEIGHT="64">
            <String ID="P22_S00273" HPOS="1488" VPOS="3730" WIDTH="64" HEIGHT="64" STYLEREFS="StyleId-1" CONTENT="*" WC="1" CC="0" />
          </TextLine>
        </TextBlock>
        <TextBlock ID="P22_TB00005" HPOS="244" VPOS="3939" WIDTH="2538" HEIGHT="699">
          <TextLine ID="P22_TL00037" HPOS="934" VPOS="3945" WIDTH="1173" HEIGHT="78">
            <String ID="P22_S00274" HPOS="934" VPOS="3954" WIDTH="208" HEIGHT="78" STYLEREFS="StyleId-2" CONTENT="New" WC="0.47" CC="627" />
            <SP ID="P22_SP00238" WIDTH="0" HPOS="0" VPOS="0" />
            <String ID="P22_S00275" HPOS="1212" VPOS="3948" WIDTH="220" HEIGHT="84" STYLEREFS="StyleId-2" CONTENT="Zion" WC="0.6575" CC="0553" />
            <SP ID="P22_SP00239" WIDTH="0" HPOS="0" VPOS="0" />
            <String ID="P22_S00276" HPOS="1501" VPOS="3940" WIDTH="183" HEIGHT="91" STYLEREFS="StyleId-2" CONTENT="Hill" WC="0.935" CC="2000" />
            <SP ID="P22_SP00240" WIDTH="0" HPOS="0" VPOS="0" />
            <String ID="P22_S00277" HPOS="1753" VPOS="3937" WIDTH="354" HEIGHT="94" STYLEREFS="StyleId-2" CONTENT="Church" WC="0.585" CC="654107" />
          </TextLine>
          <TextLine ID="P22_TL00038" HPOS="1305" VPOS="4104" WIDTH="436" HEIGHT="57">
            <String ID="P22_S00278" HPOS="1305" VPOS="4104" WIDTH="172" HEIGHT="60" STYLEREFS="StyleId-0" CONTENT="April" WC="0.97" CC="00100" />
            <SP ID="P22_SP00241" WIDTH="0" HPOS="0" VPOS="0" />
            <String ID="P22_S00279" HPOS="1507" VPOS="4102" WIDTH="75" HEIGHT="61" STYLEREFS="StyleId-0" CONTENT="13," WC="1" CC="000" />
            <SP ID="P22_SP00242" WIDTH="0" HPOS="0" VPOS="0" />
            <String ID="P22_S00280" HPOS="1615" VPOS="4101" WIDTH="126" HEIGHT="63" STYLEREFS="StyleId-0" CONTENT="1958" WC="1" CC="0000" />
          </TextLine>
          <TextLine ID="P22_TL00039" HPOS="400" VPOS="4251" WIDTH="2368" HEIGHT="52">
            <String ID="P22_S00281" HPOS="400" VPOS="4267" WIDTH="211" HEIGHT="54" STYLEREFS="StyleId-0" CONTENT="Called" WC="0.706666648" CC="408500" />
            <SP ID="P22_SP00243" WIDTH="0" HPOS="0" VPOS="0" />
            <String ID="P22_S00282" HPOS="642" VPOS="4266" WIDTH="60" HEIGHT="55" STYLEREFS="StyleId-0" CONTENT="to" WC="0.965" CC="00" />
            <SP ID="P22_SP00244" WIDTH="0" HPOS="0" VPOS="0" />
            <String ID="P22_S00283" HPOS="730" VPOS="4261" WIDTH="180" HEIGHT="60" STYLEREFS="StyleId-0" CONTENT="order" WC="0.72" CC="44005" />
            <SP ID="P22_SP00245" WIDTH="0" HPOS="0" VPOS="0" />
            <String ID="P22_S00284" HPOS="936" VPOS="4257" WIDTH="63" HEIGHT="64" STYLEREFS="StyleId-0" CONTENT="at" WC="0.675" CC="50" />
            <SP ID="P22_SP00246" WIDTH="0" HPOS="0" VPOS="0" />
            <String ID="P22_S00285" HPOS="1029" VPOS="4257" WIDTH="63" HEIGHT="64" STYLEREFS="StyleId-0" CONTENT="10" WC="0.59" CC="26" />
            <SP ID="P22_SP00247" WIDTH="0" HPOS="0" VPOS="0" />
            <String ID="P22_S00286" HPOS="1120" VPOS="4266" WIDTH="49" HEIGHT="55" STYLEREFS="StyleId-0" CONTENT="a." WC="0.845" CC="20" />
            <SP ID="P22_SP00248" WIDTH="0" HPOS="0" VPOS="0" />
            <String ID="P22_S00287" HPOS="1197" VPOS="4264" WIDTH="78" HEIGHT="57" STYLEREFS="StyleId-0" CONTENT="m." WC="0.5" CC="100" />
            <SP ID="P22_SP00249" WIDTH="0" HPOS="0" VPOS="0" />
            <String ID="P22_S00288" HPOS="1305" VPOS="4251" WIDTH="82" HEIGHT="70" STYLEREFS="StyleId-0" CONTENT="by" WC="0.72" CC="50" />
            <SP ID="P22_SP00250" WIDTH="0" HPOS="0" VPOS="0" />
            <String ID="P22_S00289" HPOS="1414" VPOS="4245" WIDTH="238" HEIGHT="76" STYLEREFS="StyleId-0" CONTENT="Charlie" WC="0.72" CC="4601330" />
            <SP ID="P22_SP00251" WIDTH="0" HPOS="0" VPOS="0" />
            <String ID="P22_S00290" HPOS="1681" VPOS="4240" WIDTH="172" HEIGHT="81" STYLEREFS="StyleId-0" CONTENT="Creel" WC="0.942" CC="20000" />
            <SP ID="P22_SP00252" WIDTH="0" HPOS="0" VPOS="0" />
            <String ID="P22_S00291" HPOS="1884" VPOS="4239" WIDTH="232" HEIGHT="82" STYLEREFS="StyleId-0" CONTENT="singing" WC="0.8257143" CC="0048000" />
            <SP ID="P22_SP00253" WIDTH="0" HPOS="0" VPOS="0" />
            <String ID="P22_S00292" HPOS="2145" VPOS="4239" WIDTH="79" HEIGHT="82" STYLEREFS="StyleId-0" CONTENT="74," WC="0.853333354" CC="004" />
            <SP ID="P22_SP00254" WIDTH="0" HPOS="0" VPOS="0" />
            <String ID="P22_S00293" HPOS="2256" VPOS="4239" WIDTH="76" HEIGHT="82" STYLEREFS="StyleId-0" CONTENT="90." WC="0.623333335" CC="740" />
            <SP ID="P22_SP00255" WIDTH="0" HPOS="0" VPOS="0" />
            <String ID="P22_S00294" HPOS="2395" VPOS="4237" WIDTH="222" HEIGHT="84" STYLEREFS="StyleId-0" CONTENT="Prayer" WC="0.7633333" CC="540003" />
            <SP ID="P22_SP00256" WIDTH="0" HPOS="0" VPOS="0" />
            <String ID="P22_S00295" HPOS="2646" VPOS="4243" WIDTH="121" HEIGHT="78" STYLEREFS="StyleId-0" CONTENT="was" WC="0.91" CC="002" />
          </TextLine>
          <TextLine ID="P22_TL00040" HPOS="265" VPOS="4329" WIDTH="2502" HEIGHT="52">
            <String ID="P22_S00296" HPOS="265" VPOS="4347" WIDTH="252" HEIGHT="54" STYLEREFS="StyleId-0" CONTENT="offered." WC="0.885" CC="06000002" />
            <SP ID="P22_SP00257" WIDTH="0" HPOS="0" VPOS="0" />
            <String ID="P22_S00297" HPOS="594" VPOS="4342" WIDTH="166" HEIGHT="58" STYLEREFS="StyleId-0" CONTENT="Class" WC="0.866" CC="15000" />
            <SP ID="P22_SP00258" WIDTH="0" HPOS="0" VPOS="0" />
            <String ID="P22_S00298" HPOS="799" VPOS="4350" WIDTH="123" HEIGHT="51" STYLEREFS="StyleId-0" CONTENT="was" WC="1" CC="000" />
            <SP ID="P22_SP00259" WIDTH="0" HPOS="0" VPOS="0" />
            <String ID="P22_S00299" HPOS="964" VPOS="4330" WIDTH="229" HEIGHT="70" STYLEREFS="StyleId-0" CONTENT="opened" WC="1" CC="000000" />
            <SP ID="P22_SP00260" WIDTH="0" HPOS="0" VPOS="0" />
            <String ID="P22_S00300" HPOS="1233" VPOS="4329" WIDTH="94" HEIGHT="72" STYLEREFS="StyleId-0" CONTENT="for" WC="0.65" CC="505" />
            <SP ID="P22_SP00261" WIDTH="0" HPOS="0" VPOS="0" />
            <String ID="P22_S00301" HPOS="1368" VPOS="4324" WIDTH="252" HEIGHT="76" STYLEREFS="StyleId-0" CONTENT="election" WC="1" CC="00000000" />
            <SP ID="P22_SP00262" WIDTH="0" HPOS="0" VPOS="0" />
            <String ID="P22_S00302" HPOS="1660" VPOS="4323" WIDTH="61" HEIGHT="78" STYLEREFS="StyleId-0" CONTENT="of" WC="0.685" CC="06" />
            <SP ID="P22_SP00263" WIDTH="0" HPOS="0" VPOS="0" />
            <String ID="P22_S00303" HPOS="1761" VPOS="4318" WIDTH="255" HEIGHT="82" STYLEREFS="StyleId-0" CONTENT="officers," WC="0.8888889" CC="051000300" />
            <SP ID="P22_SP00264" WIDTH="0" HPOS="0" VPOS="0" />
            <String ID="P22_S00304" HPOS="2059" VPOS="4315" WIDTH="235" HEIGHT="85" STYLEREFS="StyleId-0" CONTENT="Charlie" WC="0.932857156" CC="0013000" />
            <SP ID="P22_SP00265" WIDTH="0" HPOS="0" VPOS="0" />
            <String ID="P22_S00305" HPOS="2337" VPOS="4312" WIDTH="186" HEIGHT="88" STYLEREFS="StyleId-0" CONTENT="Creel," WC="0.975" CC="010000" />
            <SP ID="P22_SP00266" WIDTH="0" HPOS="0" VPOS="0" />
            <String ID="P22_S00306" HPOS="2565" VPOS="4311" WIDTH="202" HEIGHT="90" STYLEREFS="StyleId-0" CONTENT="Chair¬" WC="0.9716667" CC="000100" />
          </TextLine>
          <TextLine ID="P22_TL00041" HPOS="264" VPOS="4407" WIDTH="2505" HEIGHT="60">
            <String ID="P22_S00307" HPOS="264" VPOS="4443" WIDTH="156" HEIGHT="42" STYLEREFS="StyleId-0" CONTENT="man," WC="0.7875" CC="8000" />
            <SP ID="P22_SP00267" WIDTH="0" HPOS="0" VPOS="0" />
            <String ID="P22_S00308" HPOS="468" VPOS="4420" WIDTH="237" HEIGHT="64" STYLEREFS="StyleId-0" CONTENT="Marion" WC="0.94" CC="003000" />
            <SP ID="P22_SP00268" WIDTH="0" HPOS="0" VPOS="0" />
            <String ID="P22_S00309" HPOS="751" VPOS="4413" WIDTH="261" HEIGHT="72" STYLEREFS="StyleId-0" CONTENT="Chaffin," WC="0.81375" CC="00065002" />
            <SP ID="P22_SP00269" WIDTH="0" HPOS="0" VPOS="0" />
            <String ID="P22_S00310" HPOS="1059" VPOS="4408" WIDTH="142" HEIGHT="76" STYLEREFS="StyleId-0" CONTENT="Vice" WC="1" CC="0000" />
            <SP ID="P22_SP00270" WIDTH="0" HPOS="0" VPOS="0" />
            <String ID="P22_S00311" HPOS="1251" VPOS="4402" WIDTH="334" HEIGHT="82" STYLEREFS="StyleId-0" CONTENT="Chairman," WC="0.8388889" CC="001030340" />
            <SP ID="P22_SP00271" WIDTH="0" HPOS="0" VPOS="0" />
            <String ID="P22_S00312" HPOS="1636" VPOS="4396" WIDTH="115" HEIGHT="88" STYLEREFS="StyleId-0" CONTENT="and" WC="1" CC="000" />
            <SP ID="P22_SP00272" WIDTH="0" HPOS="0" VPOS="0" />
            <String ID="P22_S00313" HPOS="1800" VPOS="4396" WIDTH="160" HEIGHT="88" STYLEREFS="StyleId-0" CONTENT="Lucy" WC="0.9725" CC="0100" />
            <SP ID="P22_SP00273" WIDTH="0" HPOS="0" VPOS="0" />
            <String ID="P22_S00314" HPOS="2004" VPOS="4395" WIDTH="64" HEIGHT="90" STYLEREFS="StyleId-0" CONTENT="R." WC="0.915" CC="01" />
            <SP ID="P22_SP00274" WIDTH="0" HPOS="0" VPOS="0" />
            <String ID="P22_S00315" HPOS="2116" VPOS="4392" WIDTH="276" HEIGHT="93" STYLEREFS="StyleId-0" CONTENT="Heidorn," WC="0.93125" CC="00000500" />
            <SP ID="P22_SP00275" WIDTH="0" HPOS="0" VPOS="0" />
            <String ID="P22_S00316" HPOS="2445" VPOS="4389" WIDTH="324" HEIGHT="96" STYLEREFS="StyleId-0" CONTENT="Secretary." WC="0.866" CC="0004000504" />
          </TextLine>
          <TextLine ID="P22_TL00042" HPOS="262" VPOS="4483" WIDTH="2508" HEIGHT="60">
            <String ID="P22_S00317" HPOS="264" VPOS="4503" WIDTH="346" HEIGHT="58" STYLEREFS="StyleId-0" CONTENT="Arranging" WC="0.965555549" CC="030000000" />
            <SP ID="P22_SP00276" WIDTH="0" HPOS="0" VPOS="0" />
            <String ID="P22_S00318" HPOS="645" VPOS="4491" WIDTH="370" HEIGHT="70" STYLEREFS="StyleId-0" CONTENT="Committee," WC="0.98" CC="2000000000" />
            <SP ID="P22_SP00277" WIDTH="0" HPOS="0" VPOS="0" />
            <String ID="P22_S00319" HPOS="1053" VPOS="4483" WIDTH="250" HEIGHT="78" STYLEREFS="StyleId-0" CONTENT="Chester" WC="0.877142847" CC="3000005" />
            <SP ID="P22_SP00278" WIDTH="0" HPOS="0" VPOS="0" />
            <String ID="P22_S00320" HPOS="1338" VPOS="4477" WIDTH="187" HEIGHT="84" STYLEREFS="StyleId-0" CONTENT="Creel," WC="0.84" CC="140030" />
            <SP ID="P22_SP00279" WIDTH="0" HPOS="0" VPOS="0" />
            <String ID="P22_S00321" HPOS="1566" VPOS="4476" WIDTH="117" HEIGHT="85" STYLEREFS="StyleId-0" CONTENT="and" WC="1" CC="000" />
            <SP ID="P22_SP00280" WIDTH="0" HPOS="0" VPOS="0" />
            <String ID="P22_S00322" HPOS="1714" VPOS="4471" WIDTH="231" HEIGHT="90" STYLEREFS="StyleId-0" CONTENT="Hubert" WC="0.626666665" CC="646050" />
            <SP ID="P22_SP00281" WIDTH="0" HPOS="0" VPOS="0" />
            <String ID="P22_S00323" HPOS="1981" VPOS="4468" WIDTH="400" HEIGHT="93" STYLEREFS="StyleId-0" CONTENT="Yarborough." WC="0.815454543" CC="005003001000" />
            <SP ID="P22_SP00282" WIDTH="0" HPOS="0" VPOS="0" />
            <String ID="P22_S00324" HPOS="2452" VPOS="4467" WIDTH="318" HEIGHT="94" STYLEREFS="StyleId-0" CONTENT="Chairman" WC="0.79375" CC="10153005" />
          </TextLine>
          <TextLine ID="P22_TL00043" HPOS="261" VPOS="4561" WIDTH="2506" HEIGHT="64">
            <String ID="P22_S00325" HPOS="261" VPOS="4594" WIDTH="150" HEIGHT="49" STYLEREFS="StyleId-0" CONTENT="sang" WC="0.5525" CC="06110" />
            <SP ID="P22_SP00283" WIDTH="0" HPOS="0" VPOS="0" />
            <String ID="P22_S00326" HPOS="444" VPOS="4581" WIDTH="115" HEIGHT="63" STYLEREFS="StyleId-0" CONTENT="448." WC="0.875" CC="0040" />
            <SP ID="P22_SP00284" WIDTH="0" HPOS="0" VPOS="0" />
            <String ID="P22_S00327" HPOS="628" VPOS="4570" WIDTH="258" HEIGHT="73" STYLEREFS="StyleId-0" CONTENT="Leaders" WC="0.9071429" CC="0000060" />
            <SP ID="P22_SP00285" WIDTH="0" HPOS="0" VPOS="0" />
            <String ID="P22_S00328" HPOS="922" VPOS="4578" WIDTH="157" HEIGHT="66" STYLEREFS="StyleId-0" CONTENT="were" WC="0.8525" CC="0050" />
            <SP ID="P22_SP00286" WIDTH="0" HPOS="0" VPOS="0" />
            <String ID="P22_S00329" HPOS="1117" VPOS="4575" WIDTH="61" HEIGHT="69" STYLEREFS="StyleId-0" CONTENT="as" WC="1" CC="00" />
            <SP ID="P22_SP00287" WIDTH="0" HPOS="0" VPOS="0" />
            <String ID="P22_S00330" HPOS="1213" VPOS="4560" WIDTH="252" HEIGHT="84" STYLEREFS="StyleId-0" CONTENT="follows:" WC="0.895" CC="80000000" />
            <SP ID="P22_SP00288" WIDTH="0" HPOS="0" VPOS="0" />
            <String ID="P22_S00331" HPOS="1506" VPOS="4557" WIDTH="181" HEIGHT="87" STYLEREFS="StyleId-0" CONTENT="Oscar" WC="0.886" CC="00005" />
            <SP ID="P22_SP00289" WIDTH="0" HPOS="0" VPOS="0" />
            <String ID="P22_S00332" HPOS="1723" VPOS="4549" WIDTH="145" HEIGHT="94" STYLEREFS="StyleId-0" CONTENT="Cain" WC="0.9725" CC="1000" />
            <SP ID="P22_SP00290" WIDTH="0" HPOS="0" VPOS="0" />
            <String ID="P22_S00333" HPOS="1905" VPOS="4549" WIDTH="111" HEIGHT="94" STYLEREFS="StyleId-0" CONTENT="340," WC="1" CC="0000" />
            <SP ID="P22_SP00291" WIDTH="0" HPOS="0" VPOS="0" />
            <String ID="P22_S00334" HPOS="2052" VPOS="4548" WIDTH="117" HEIGHT="96" STYLEREFS="StyleId-0" CONTENT="436;" WC="0.7575" CC="0306" />
            <SP ID="P22_SP00292" WIDTH="0" HPOS="0" VPOS="0" />
            <String ID="P22_S00335" HPOS="2205" VPOS="4546" WIDTH="172" HEIGHT="97" STYLEREFS="StyleId-0" CONTENT="Elton" WC="0.89" CC="00500" />
            <SP ID="P22_SP00293" WIDTH="0" HPOS="0" VPOS="0" />
            <String ID="P22_S00336" HPOS="2412" VPOS="4545" WIDTH="207" HEIGHT="99" STYLEREFS="StyleId-0" CONTENT="White," WC="1" CC="000000" />
            <SP ID="P22_SP00294" WIDTH="0" HPOS="0" VPOS="0" />
            <String ID="P22_S00337" HPOS="2655" VPOS="4543" WIDTH="112" HEIGHT="100" STYLEREFS="StyleId-0" CONTENT="434," WC="0.7975" CC="0700" />
          </TextLine>
        </TextBlock>
      </PrintSpace>
    </Page>
  </Layout>
</alto>