3000 4800
849 166 324 52 ANNUAL
1212 171 297 49 SACRED
1546 174 207 49 HARP
1791 174 361 51 SINGINGS

2721 177 30 46 5

1144 346 312 51 AUGUST
1494 348 357 51 SUNDAYS

235 448 160 52 First
442 480 69 21 —
562 453 118 49 and
735 454 298 61 Saturday
1084 457 207 58 before
1341 486 69 30 —
1458 460 268 55 Winston
1777 462 235 58 County
2067 462 196 58 Union
2319 463 61 57 at
2433 463 318 58 Harmony,

373 531 31 48 4
448 531 87 48 1-2
577 531 177 49 Miles
796 534 192 49 North
1032 534 61 49 of
1134 535 489 61 Lawrenceburg,
1669 540 327 57 Tennessee

240 624 157 51 First
439 655 70 19 —
556 627 118 48 and
723 627 298 60 Saturday
1069 630 207 57 before
1324 658 69 28 —
1440 633 244 57 Fayette
1737 633 234 60 County
2022 633 244 60 Singing
2322 634 63 58 in
2436 634 318 58 American

373 703 225 60 Legion
649 705 282 60 Building
984 708 63 57 in
1098 708 261 58 Fayette,
1411 708 291 58 Alabama

241 799 157 49 First
435 826 69 22 —
543 799 288 49 Calvert's
870 801 315 49 Memorial
1225 804 61 46 at
1324 802 267 49 Johnson
1630 804 213 58 Grove,
1887 817 144 45 near
2070 805 169 58 Ryan
2281 805 192 58 Creek
2515 805 237 58 Church

244 894 232 49 Second
511 922 69 21 —
613 895 220 58 Friday
871 895 117 58 and
1024 895 298 60 Saturday
1357 898 205 57 before
1599 925 67 30 —
1702 900 325 55 Tennessee
2067 900 181 55 River
2286 901 369 54 Convention
2692 901 60 54 at

378 973 195 48 Creek
615 972 253 58 Church,
915 973 31 57 6
988 973 174 57 Miles
1204 975 190 55 North
1438 975 61 55 of
1542 975 255 58 Loretto,
1845 978 325 55 Tennessee

246 1066 231 49 Second
510 1095 69 21 —
612 1068 148 48 Zion
795 1068 253 58 Church,
1086 1069 30 57 6
1149 1068 174 58 Miles
1359 1069 189 57 North
1585 1069 61 57 of
1683 1069 213 58 Gordo,
1932 1069 289 58 Alabama

246 1162 232 49 Second
519 1189 69 22 —
630 1162 150 49 Cold
823 1162 246 60 Springs
1116 1162 252 60 Church,
1417 1165 60 57 15
1525 1164 174 58 Miles
1746 1165 334 57 Southwest
2127 1165 61 57 of
2238 1165 274 57 Cullman

247 1257 232 49 Second
514 1285 69 21 —
618 1258 207 57 Rocky
862 1258 211 57 Mount
1114 1257 372 58 Convention
1525 1260 60 55 at
1624 1258 204 58 Rocky
1867 1260 210 57 Mount

247 1350 232 49 Second
523 1381 70 18 —
637 1351 160 48 Love
847 1351 115 58 Joy
1012 1351 252 58 Church,
1314 1353 31 57 4
1396 1351 172 58 Miles
1617 1351 189 58 North
1858 1353 61 57 of
1969 1353 303 57 Hamilton
2322 1366 76 43 on
2451 1353 303 57 Hamilton

382 1428 117 48 and
547 1428 381 58 Hackleburg
978 1429 294 58 Highway

247 1522 387 58 Wednesday,
663 1522 234 58 August
927 1524 75 57 12,
1035 1522 126 58 1959
1188 1551 69 30 —
1282 1522 234 58 Elmore
1546 1522 229 58 Center,
1806 1525 30 55 3
1867 1522 172 58 Miles
2070 1522 186 58 South
2286 1522 63 58 of
2379 1522 213 58 Gordo,
2622 1524 129 57 Ala.

247 1617 184 48 Third
463 1644 70 21 —
565 1617 118 48 and
718 1617 297 57 Saturday
1048 1617 205 57 before
1287 1644 69 30 —
1389 1617 163 57 Rock
1587 1617 192 57 Creek
1812 1617 310 57 Mountain
2158 1618 186 55 Home
2385 1617 369 57 Convention

384 1695 60 48 at
484 1695 105 48 Mt.
634 1693 172 49 Olive
849 1693 309 49 Primitive
1203 1693 231 58 Baptist
1476 1693 250 58 Church,
1773 1695 67 57 N.
1884 1695 82 57 W.
2013 1708 207 43 corner
2266 1695 61 57 of
2371 1695 274 57 Cullman

249 1788 184 49 Third
462 1818 70 19 —
564 1788 247 57 Liberty
844 1786 252 58 Church,
1131 1789 28 55 7
1195 1788 172 57 Miles
1404 1788 186 57 South
1624 1786 63 58 of
1720 1786 214 58 Gordo,
1968 1786 289 58 Alabama

250 1882 184 48 Third
468 1909 69 21 —
570 1882 237 57 Boston,
846 1882 234 57 Marion
1117 1882 234 57 County

250 1977 184 48 Third
468 2004 72 21 —
576 1975 192 49 Odem
804 1975 241 57 Chapel,
1083 1977 31 55 2
1152 1975 174 57 Miles
1363 1974 190 58 North
1591 1974 63 58 of
1692 1974 81 58 St.
1812 1974 234 58 Joseph,
2088 1975 324 57 Tennessee

249 2070 226 49 Fourth
504 2097 70 22 —
603 2070 220 57 Friday
855 2068 117 58 and
1005 2068 294 58 Saturday
1330 2068 204 58 before
1566 2095 69 31 —
1665 2068 168 58 Ryan
1866 2068 192 58 Creek
2092 2068 367 58 Convention
2493 2068 60 58 at
2586 2068 168 58 Ryan

385 2148 195 48 Creek
627 2146 232 57 Baptist
904 2145 240 58 Church

250 2241 225 49 Fourth
502 2268 69 22 —
598 2241 117 49 and
745 2239 297 58 Saturday
1069 2239 205 58 before
1303 2266 67 31 —
1398 2239 151 58 Bear
1581 2238 190 60 Creek
1801 2238 382 60 Convention,
2217 2239 58 58 at
2307 2238 199 60 Shady
2539 2236 211 61 Grove,

384 2322 31 45 4
460 2317 175 49 Miles
681 2317 192 49 North
919 2316 64 51 of
1027 2316 229 51 Double
1306 2316 244 57 Springs
1597 2328 76 45 on
1719 2314 291 58 Highway
2059 2314 108 58 195.

250 2412 226 49 Fourth
525 2439 70 22 —
645 2410 117 51 and
813 2409 297 58 Saturday
1159 2409 205 58 before
1414 2439 70 28 —
1534 2409 243 58 Fayette
1831 2409 232 58 County
2116 2407 367 60 Convention
2538 2409 60 58 at
2649 2407 102 60 Mt.

384 2490 286 48 Lebanon
709 2487 253 57 Church,
1003 2488 30 55 8
1075 2485 174 58 Miles
1290 2485 337 58 Northwest
1668 2484 61 60 of
1768 2485 241 58 Fayette

250 2583 226 49 Fourth
517 2610 70 22 —
630 2581 231 57 Cherry
907 2581 162 57 Tree,
1116 2593 144 45 near
1306 2578 291 60 Tremont,
1644 2577 351 61 Mississippi

252 2677 163 49 Fifth
450 2704 70 22 —
553 2677 249 55 Liberty
846 2673 432 60 (McCormack)
1323 2673 313 60 Southeast
1675 2671 61 61 of
1773 2671 210 61 Jasper
2022 2685 76 48 on
2139 2671 289 61 Highway
2469 2673 76 60 78.

252 2772 162 49 Fifth
450 2799 69 22 —
556 2770 271 51 Oneonta
865 2769 64 52 in
967 2767 151 58 City.

252 2866 163 48 Fifth
450 2893 69 21 —
556 2863 355 51 Tuscaloosa
948 2863 60 51 at
1048 2860 369 54 Courthouse

252 2961 163 48 Fifth
453 2986 69 22 —
559 2958 295 51 Fairview
895 2953 328 58 Memorial,
1266 2955 30 57 3
1339 2952 171 60 Miles
1549 2952 138 60 East
1728 2950 61 61 of
1828 2950 229 61 Double
2101 2950 243 61 Springs

1089 3126 445 54 SEPTEMBER
1572 3127 355 52 SUNDAYS

252 3265 156 49 First
453 3297 70 18 —
573 3264 117 51 and
741 3261 298 57 Saturday
1089 3259 207 58 before
1348 3285 69 33 —
1465 3255 307 63 Mulberry
1825 3253 180 64 River
2058 3253 382 64 Convention,
2496 3255 60 63 at
2608 3253 145 64 New

388 3343 243 49 Canaan
678 3337 255 58 Church,
981 3349 147 46 near
1170 3334 253 61 Empire,
1471 3331 288 64 Alabama

253 3436 156 51 First
433 3465 70 22 —
529 3435 117 52 and
675 3433 298 57 Saturday
1000 3429 205 61 before
1233 3456 67 34 —
1329 3427 172 63 Clear
1531 3424 192 66 Creek
1752 3423 367 67 Convention
2149 3423 60 67 at
2242 3423 112 67 Old
2383 3423 132 67 Flat
2544 3423 211 67 Woods

253 3531 157 49 First
447 3558 69 22 —
553 3529 120 51 and
712 3526 298 57 Saturday
1048 3523 207 60 before
1291 3550 69 33 —
1398 3519 174 64 Clear
1609 3517 192 66 Creek
1842 3516 369 67 Convention
2251 3517 60 66 at
2352 3516 174 67 Clear
2566 3516 192 67 Creek

384 3607 313 51 Primitive
756 3604 234 57 Baptist
1048 3598 253 63 Church,
1362 3598 30 63 9
1450 3595 171 66 Miles
1678 3595 159 66 West
1899 3592 61 69 of
2020 3594 153 67 Boaz
2232 3592 64 69 in
2353 3594 102 67 Mt.
2518 3592 240 69 Hebron

385 3684 385 57 Community

250 3780 156 51 First
565 3778 174 52 Duck
786 3775 184 55 River
1017 3771 232 60 Baptist
1297 3766 252 64 Church,
1600 3768 61 63 13
1713 3763 174 67 Miles
1939 3763 313 67 Southeast
2305 3763 61 67 of
2418 3762 274 69 Cullman

250 3874 196 51 Labor
489 3874 133 57 Day
661 3898 70 33 —
774 3867 249 64 Corinth
1069 3864 238 67 Church
1356 3862 219 69 (Dixon
1617 3859 220 72 Myers)
1887 3858 334 73 Southwest
2268 3853 61 78 of
2374 3855 274 76 Cullman

249 3970 198 49 Labor
486 3970 133 55 Day
657 3991 72 34 —
769 3961 202 64 Shady
1014 3960 213 66 Grove,
1270 3960 30 66 2
1344 3955 174 70 Miles
1563 3954 138 72 East
1743 3952 61 73 of
1848 3952 297 73 Florence,
2188 3949 288 76 Alabama
2520 3963 78 63 on
2640 3951 115 75 Lee

382 4047 300 58 Highway

247 4141 235 52 Second
510 4165 69 28 —
609 4135 117 58 and
756 4132 298 61 Saturday
1084 4129 205 64 before
1320 4155 67 39 —
1414 4123 220 70 United
1666 4123 217 70 Sacred
1915 4123 162 70 Harp
2109 4120 249 73 Musical
2389 4120 369 73 Association

384 4221 61 48 at
492 4215 252 54 Corinth
787 4210 234 58 Baptist
1068 4206 237 63 Church
1353 4206 61 63 in
1458 4201 190 67 Fyffe,
1695 4200 144 69 Ala.,
1887 4213 76 55 on
2010 4198 291 70 Highway
2347 4200 78 69 75,
2478 4200 60 69 15
2584 4198 172 70 Miles

382 4291 345 57 Southwest
771 4288 64 60 of
880 4287 142 61 Fort
1066 4285 216 63 Payne,
1330 4281 291 67 Alabama

246 4390 235 54 Second
514 4414 70 30 —
618 4381 315 63 Mountain
969 4380 189 64 Home
1197 4375 252 69 Church,
1486 4374 234 70 Marion
1756 4371 237 73 County

246 4485 237 54 Second
600 4477 222 61 Poplar
847 4473 262 66 Springs,
1140 4471 30 67 6
1198 4470 174 69 Miles
1401 4467 190 72 North
1620 4465 63 73 of
1713 4465 208 73 Glenn,
1951 4464 288 75 Alabama

244 4579 237 55 Second
514 4603 70 31 —
618 4575 148 60 New
804 4570 177 64 Carrs
1020 4563 253 72 Church,
1311 4563 31 72 6
1378 4561 174 73 Miles
1588 4558 190 76 North
1815 4557 63 78 of
1914 4557 213 78 Gordo,
2166 4555 288 79 Alabama
