3000 4800
843 162 327 54 ANNUAL
1207 169 298 51 SACRED
1542 174 208 48 HARP
1788 175 360 51 SINGINGS

2683 178 63 49 77

373 331 337 51 Afternoon
759 339 226 49 session
1032 348 231 54 opened
1311 346 79 58 by
1437 349 51 55 J.
1536 349 67 55 A.
1651 351 238 57 Adams;
1944 352 51 55 A
2043 352 267 55 business
2358 354 222 54 session
2626 367 124 40 was

247 411 240 49 entered
523 409 127 51 into
690 415 118 48 and
843 417 102 49 the
982 418 310 64 following
1330 424 240 58 officers
1608 439 157 43 were
1801 427 226 55 elected
2067 429 114 54 and
2218 430 331 58 appointed,
2587 430 52 58 J.
2677 432 72 57 A.

247 489 231 57 Adams,
531 489 336 61 President;
922 498 117 52 and
1092 499 237 51 Palmer
1375 502 252 57 Godsey,
1680 504 142 55 Vice
1875 504 324 58 President,
2254 508 114 54 and
2422 508 327 58 Secretary,

249 568 334 55 Treasurer;
616 568 343 63 Arranging
991 574 370 60 Committee,
1393 579 51 55 J.
1476 580 69 54 H.
1579 580 234 57 Defoor,
1846 582 186 57 Floyd
2061 583 181 55 Davis
2272 585 115 54 and
2416 585 51 54 J.
2499 585 60 54 F.
2589 585 159 54 Mar¬

250 646 97 49 tin.
412 645 256 51 Further
699 646 273 52 business
1005 651 276 51 deferred
1311 655 154 48 until
1495 655 169 61 later;
1699 657 154 60 First
1884 658 214 58 leader,
2130 660 51 57 J.
2212 661 58 55 F.
2302 661 235 57 Martin,
2569 661 61 57 L.
2664 663 84 55 W.

252 723 244 57 Godsey,
528 723 214 57 Wilma
772 726 199 58 Davis,
1003 729 192 55 Rufus
1224 732 226 57 Norris;
1483 733 163 55 Aunt
1677 735 274 54 Peratine
1983 736 291 57 Welborn,
2305 738 196 55 Frank
2533 739 214 57 Burns;

250 804 133 48 Mrs.
414 802 126 49 Ben
567 802 223 57 Norris,
820 804 52 55 J.
901 805 70 54 H.
1003 807 304 52 Gilliland.

379 897 141 49 Rest
556 898 61 48 10
651 895 279 52 Minutes.

379 991 52 48 J.
465 991 70 48 H.
571 991 223 48 Defoor
829 994 231 57 opened
1095 994 148 57 with
1276 996 118 55 two
1432 1008 187 48 songs,
1690 999 268 57 Leaders,
1998 1000 136 55 Sam
2169 1000 202 57 Tyree,
2409 1002 136 55 Mrs.
2584 1002 60 55 C.
2682 1002 67 55 O.

253 1069 300 55 Woodard,
598 1069 61 55 L.
703 1071 61 54 P.
811 1069 205 58 Odem,
1060 1071 145 57 Miss
1249 1072 183 57 Joyce
1474 1075 346 55 Wakefield,
1866 1075 138 55 Will
2043 1077 204 58 Baldy,
2292 1078 144 57 Miss
2478 1080 271 55 Jeanette

255 1147 214 55 Norris,
519 1147 52 55 J.
621 1147 63 55 L.
735 1147 270 57 Thomas,
1056 1149 145 55 Miss
1251 1152 192 52 Helen
1491 1152 346 57 Wakefield,
1890 1153 244 55 Milford
2185 1155 198 57 Watts,
2437 1156 138 55 Mrs.
2628 1156 123 55 Eva

255 1225 231 49 Martin.
555 1224 240 51 Session
828 1225 196 49 closed
1057 1227 79 57 by
1170 1227 51 57 J.
1254 1228 70 55 A.
1356 1228 223 55 Adams
1614 1228 232 60 singing
1879 1245 111 43 one
2025 1242 157 49 song.
2248 1234 222 57 Prayer
2503 1233 79 58 by
2616 1234 135 57 Bro.

255 1305 58 48 L.
346 1303 79 49 W.
462 1302 282 51 Overton.

781 1483 414 48 SATURDAY
1230 1485 381 51 MORNING,
1644 1485 307 51 AUGUST
1984 1486 81 49 23,
2103 1488 123 48 1958

385 1612 222 55 Prayer
637 1611 81 58 by
747 1611 63 58 L.
840 1611 84 58 W.
957 1611 283 58 Overton;
1275 1612 156 57 First
1458 1612 219 57 leader,
1708 1614 61 55 L.
1801 1614 82 55 W.
1918 1614 276 58 Overton,
2226 1615 258 57 William
2514 1615 235 58 Robins,

258 1689 157 48 Aunt
445 1689 277 48 Peratine
754 1687 295 58 Welborn,
1083 1689 259 57 Herbert
1372 1690 252 57 Godsey,
1659 1690 124 57 Sim
1816 1690 345 57 Wakefield.

387 1782 141 49 Rest
562 1783 64 48 10
657 1782 279 49 Minutes.

390 1876 163 49 Class
582 1875 192 51 called
801 1876 61 49 to
892 1876 175 49 order
1093 1876 81 58 by
1203 1878 141 57 Geo.
1374 1876 78 58 M.
1482 1878 229 57 Mattox
1741 1876 231 60 singing
2001 1878 117 58 two
2149 1890 186 46 songs.
2398 1879 268 57 Leaders,
2697 1878 54 58 J.

259 1956 58 46 L.
348 1954 267 55 Thomas,
646 1954 141 55 Mrs.
819 1954 198 58 Alpha
1047 1954 277 58 Pittman,
1357 1954 190 58 Rufus
1578 1954 220 58 Norris,
1831 1956 138 57 Mrs.
2002 1956 169 57 Delia
2203 1956 154 57 Holt,
2389 1956 175 57 Wash
2595 1956 156 57 God¬

261 2046 112 43 sey,
406 2031 189 58 Wiley
627 2031 358 58 Donaldson,
1020 2031 196 58 Willie
1248 2031 204 58 Berry,
1486 2032 138 57 Mrs.
1659 2031 201 58 Hatite
1893 2032 202 57 Berry.

388 2125 141 49 Rest
564 2127 63 48 10
657 2124 280 51 Minutes.

387 2220 198 48 House
622 2218 190 49 called
846 2220 60 48 to
942 2218 175 49 order
1150 2218 79 58 by
1264 2220 63 57 L.
1362 2220 84 57 W.
1482 2218 237 58 Godsey
1755 2218 231 58 singing
2020 2220 166 57 three
2224 2230 187 46 songs.
2481 2218 270 58 Leaders,

261 2298 133 48 Mrs.
439 2296 235 49 Martha
718 2296 135 57 Nix,
900 2296 100 57 Dr.
1048 2296 139 57 Sam
1234 2296 258 57 Snoddy,
1536 2296 145 57 Miss
1725 2296 178 57 Patsy
1950 2296 220 57 Butler,
2218 2298 241 55 Presley
2506 2296 244 58 Mattox,

261 2374 219 48 Lonnie
516 2374 187 57 Creel,
739 2374 145 57 Miss
921 2373 304 58 Charlotte
1258 2373 223 58 Butler,
1516 2373 222 58 Nelson
1771 2373 222 58 Butler.

391 2470 127 48 One
547 2469 153 49 hour
726 2467 96 51 for
849 2467 199 51 lunch.

388 2563 334 46 Afternoon
760 2562 226 48 session
1027 2560 190 49 called
1257 2560 60 49 to
1357 2560 175 49 order
1572 2560 79 57 by
1693 2560 318 57 Chairman
2053 2559 231 58 singing
2325 2559 228 58 "Never
2590 2559 163 58 Turn

261 2640 208 57 Back";
510 2640 270 57 Another
816 2640 271 57 business
1128 2638 225 58 session
1392 2650 121 46 was
1554 2637 244 60 entered
1837 2637 142 60 into:
2026 2637 198 60 Shady
2266 2637 195 60 Grove
2502 2649 121 48 was
2664 2649 87 48 se¬

261 2716 189 49 lected
480 2731 63 34 as
573 2716 102 49 the
705 2716 169 60 place
906 2716 96 60 for
1032 2716 102 60 the
1167 2715 357 61 convention
1555 2715 63 61 in
1653 2715 142 61 1959.
1858 2713 124 63 The
2016 2715 181 61 union
2230 2713 232 63 singing
2493 2715 60 61 to
2587 2724 70 52 go
2691 2713 60 63 to

261 2796 300 57 Harmony
597 2793 255 60 Church,
888 2794 33 58 4
955 2793 174 60 miles
1164 2793 178 60 north
1380 2793 61 60 of
1476 2791 484 61 Lawrenceburg,
1999 2791 342 61 Tennessee,
2380 2791 133 61 first
2551 2791 199 61 Satur¬

258 2872 111 57 day
409 2874 112 55 and
562 2872 243 57 Sunday
844 2872 63 57 in
946 2871 247 58 August,
1239 2871 144 58 1959.
1456 2869 121 60 The
1620 2869 150 60 class
1809 2869 177 60 voted
2026 2869 58 60 to
2128 2868 367 61 discontinue
2536 2866 217 63 Friday

261 2950 219 48 session
519 2950 63 48 of
616 2949 102 49 the
757 2949 378 55 convention;
1209 2947 322 57 Therefore
1569 2946 169 58 there
1776 2946 127 58 will
1942 2944 139 60 only
2121 2944 72 60 be
2233 2959 31 45 a
2305 2944 117 60 two
2463 2944 115 60 day
2617 2958 133 46 con¬

259 3027 241 49 vention
534 3027 61 49 in
631 3028 142 48 1959.
840 3025 177 51 After
1048 3025 273 51 business
1354 3022 223 54 session
1609 3022 100 54 the
1743 3022 231 54 leaders
2007 3036 156 40 were
2197 3022 204 57 called,
2434 3022 139 57 Mrs.
2610 3021 144 58 Lola

259 3103 214 60 Myrtle
504 3105 316 58 Robinson,
855 3102 238 61 Charlie
1125 3102 193 61 Creel;
1354 3102 51 61 It
1434 3114 121 49 was
1585 3099 312 64 suggested
1927 3100 127 63 that
2085 3099 100 64 the
2217 3097 235 66 Godsey
2481 3097 271 66 brothers

261 3183 114 48 and
406 3181 202 51 sisters
643 3181 130 58 sing
808 3193 63 46 as
907 3193 34 46 a
976 3190 207 49 group;
1221 3178 145 61 Also
1402 3178 100 61 the
1534 3177 222 63 Adams
1791 3177 271 63 brothers
2100 3175 115 64 and
2248 3175 171 64 sister
2454 3175 130 64 sing
2620 3187 61 52 as
2719 3189 33 51 a

261 3270 198 49 group.

388 3354 144 49 Rest
565 3355 64 48 10
658 3351 282 52 Minutes.

391 3448 163 48 Class
586 3460 123 36 was
744 3447 192 49 called
967 3445 61 51 to
1063 3444 175 52 order
1270 3442 79 57 by
1383 3441 195 58 Frank
1611 3442 192 57 Burns
1837 3438 232 61 singing
2101 3441 117 58 two
2254 3448 190 51 songs;
2481 3436 271 63 Leaders,

259 3525 63 49 R.
351 3525 67 49 N.
447 3525 135 57 Nix,
610 3523 195 58 Nellie
835 3522 253 60 Godsey,
1117 3519 178 63 Betty
1326 3519 117 63 Sue
1473 3517 247 64 Godsey,
1752 3517 184 64 Roma
1965 3517 171 64 Lynn
2164 3516 250 66 Godsey,
2443 3516 151 66 Joan
2623 3514 129 67 Pel-

258 3603 145 58 frey,
432 3603 133 58 Ada
592 3603 253 58 Godsey,
876 3601 54 60 J.
958 3598 79 63 M.
1068 3598 210 63 Burns,
1309 3594 148 67 Odie
1486 3595 67 66 V.
1581 3594 244 67 Horton,
1857 3592 319 69 Chairman
2206 3606 109 55 one
2346 3601 159 60 song.
2568 3591 184 70 Bene¬

261 3679 219 51 diction
511 3681 79 58 by
624 3681 135 58 Bro.
792 3679 54 60 J.
879 3676 81 63 M.
993 3675 213 64 Burns.

936 3849 313 52 SUNDAY
1279 3847 379 55 MORNING,
1686 3846 309 57 AUGUST
2020 3846 64 57 24

387 3988 124 49 The
543 3987 138 51 first
712 3984 228 54 session
973 3978 190 60 called
1195 3976 61 61 to
1290 3973 174 64 order
1495 3973 79 64 by
1609 3972 318 66 Chairman
1959 3972 52 66 J.
2044 3972 67 66 A.
2146 3970 238 67 Adams;
2421 3972 220 66 Prayer
2673 3969 81 69 by

258 4066 130 49 Bro.
417 4066 162 49 John
604 4063 228 57 Bailey.
895 4056 157 64 First
1080 4053 217 67 leader,
1327 4050 258 70 William
1612 4048 235 72 Robins,
1879 4047 216 73 Gaines
2122 4047 156 73 Rice,
2307 4047 67 73 A.
2406 4047 82 73 W.
2517 4045 235 75 Adams,

259 4143 58 51 C.
355 4146 66 49 O.
457 4140 313 55 Woodard,
808 4135 225 60 Walter
1066 4126 331 69 Wakefiell,
1435 4126 157 69 Faye
1629 4125 345 70 Wakefield,
2011 4123 250 72 Thomas
2302 4123 186 72 Creel.

382 4239 144 51 Rest
561 4237 61 52 10
654 4231 280 58 Minutes.

387 4332 210 52 Called
625 4329 61 55 to
717 4324 177 60 order
922 4321 81 63 by
1030 4318 102 66 Dr.
1164 4315 138 69 Sam
1332 4311 243 73 Snoddy
1605 4309 232 75 singing
1864 4309 118 75 two
2013 4320 192 64 songs;
2271 4308 268 76 Leaders,
2569 4308 183 76 Joyce

252 4411 223 58 Norris,
511 4404 241 66 Keneth
787 4396 183 73 Pratt,
1006 4393 193 76 Helen
1233 4387 346 82 Wakefield,
1618 4387 246 82 Chester
1899 4386 186 84 Creel,
2121 4386 196 84 Agnes
2352 4384 169 85 Wall;
2557 4383 195 87 Willie

252 4489 205 60 Berry,
490 4483 217 66 Wilma
739 4474 199 75 Davis,
975 4473 183 76 Oscar
1189 4467 163 82 Cain.

379 4581 145 54 Rest
559 4578 61 57 10
654 4569 279 66 Minutes.
