3046 4828
288 178 91 46 106
525 180 391 60 ALABAMA,
969 187 351 57 GEORGIA,
1374 192 453 57 MISSISSIPPI,
1879 192 160 57 AND
2091 186 432 63 TENNESSEE

915 373 351 102 Hodges
1341 376 348 99 Annual
1765 381 364 100 Singing

1251 517 249 46 October
1545 519 75 55 26,
1666 520 123 54 1958

417 618 160 48 Class
622 621 184 48 called
852 624 265 55 together
1161 625 76 55 by
1281 627 184 55 Floyd
1509 627 313 55 Frederick
1866 628 234 58 singing
2143 630 79 57 29,
2269 627 84 60 31;
2398 627 163 60 Then
2608 630 148 57 after

283 709 210 43 prayer
534 697 72 55 he
646 709 141 45 sang
829 700 100 54 34t,
976 700 108 54 101;
1128 700 162 54 Then
1329 702 99 52 the
1470 702 145 52 class
1654 706 156 48 went
1851 706 121 48 into
2016 705 268 49 business
2326 705 235 49 session.
2637 706 112 52 The

283 772 303 58 following
618 774 235 57 officers
886 789 153 42 were
1072 777 223 54 elected
1329 780 112 51 and
1474 780 330 57 appointed,
1836 781 186 57 Floyd
2052 781 333 57 Frederick,
2422 781 322 64 Chairman;

282 847 183 58 Lloyd
504 850 192 55 Wood,
736 850 139 55 Vice
919 850 333 58 Chairman;
1294 855 114 54 and
1447 856 124 55 Roy
1611 856 180 55 Mays,
1836 858 321 57 Secretary.
2232 858 333 60 Arranging
2602 876 142 42 com¬

280 925 216 55 mittee,
537 927 127 54 Bud
702 928 232 52 Palmer
972 928 114 52 and
1123 930 49 51 J.
1215 930 58 51 C.
1314 931 244 49 Palmer.
1633 931 153 49 First
1825 933 211 54 leader,
2080 934 322 58 Spearman
2443 936 159 57 Bobo
2640 940 103 60 428,

282 1003 112 55 457;
426 1002 145 57 Veto
604 1003 229 55 Godsey
868 1006 129 54 145t,
1030 1006 112 54 340;
1179 1005 231 55 Charlie
1443 1008 265 52 Clement
1738 1009 100 55 30t,
1872 1011 114 55 380;
2017 1011 250 55 Hershal
2299 1012 174 57 Cagle
2505 1015 106 57 299,
2640 1018 100 58 45t;

282 1078 160 48 Cobb
472 1080 159 48 Bobo
666 1080 105 55 142,
802 1083 112 52 358;
949 1083 193 55 Hosey
1174 1081 138 57 Cole
1341 1083 111 57 430,
1482 1086 115 54 434;
1630 1084 190 55 Willie
1851 1086 231 54 Rhodes
2110 1087 111 57 441,
2251 1090 115 55 295;
2398 1092 124 54 Ben
2551 1093 192 57 Norris

280 1156 108 51 455,
427 1156 106 51 163;
571 1155 312 52 Chairman
916 1159 108 48 396.

412 1264 138 48 Rest
586 1267 57 46 10
676 1266 270 49 Minutes.

411 1374 160 48 Class
606 1377 184 48 called
825 1378 57 46 to
916 1378 171 48 order
1120 1378 76 58 by
1233 1380 315 57 Chairman
1581 1381 229 58 singing
1845 1384 109 55 217.
2023 1384 267 57 Leaders,
2326 1386 186 55 Rufus
2547 1389 193 52 Norris

274 1452 108 52 283,
421 1452 112 54 318;
574 1452 139 54 Miss
751 1453 229 52 Brenda
1020 1455 273 51 Brittnell
1332 1458 108 54 208,
1480 1459 111 54 432;
1633 1459 205 57 Benny
1879 1461 190 58 Capps
2109 1462 109 57 436,
2259 1462 114 57 442;
2412 1464 135 55 Mrs.
2586 1467 151 52 Ersel

276 1528 252 46 Jackson
564 1530 105 54 132,
700 1531 114 54 424;
849 1530 201 55 Bravil
1078 1533 253 52 Jackson
1363 1534 108 55 339,
1506 1536 112 55 334;
1653 1534 142 57 Miss
1825 1537 160 54 Reba
2016 1537 249 54 Thomas
2298 1542 114 49 and
2442 1542 139 49 Miss
2611 1545 126 52 Nila

276 1605 178 46 Amos
498 1606 106 54 300,
652 1606 111 55 224;
811 1608 153 54 John
1009 1609 159 57 Long
1210 1611 108 55 383,
1365 1612 114 54 460;
1528 1612 139 54 Miss
1714 1614 178 57 Joyce
1938 1614 204 57 Norris
2188 1617 108 55 222,
2344 1618 114 58 200;
2509 1620 225 57 Simmie

276 1680 324 49 Wakefield
640 1684 105 49 137,
784 1684 114 54 392;
937 1684 169 54 Delia
1141 1687 139 51 Holt
1317 1689 109 54 433,
1467 1687 112 57 373;
1621 1689 157 55 JiJm
1816 1690 219 54 Defoor
2071 1692 111 54 400,
2223 1695 115 54 408;
2380 1695 141 54 Miss
2557 1698 177 51 Helen

274 1756 324 49 Wakefield
633 1759 106 55 302,
777 1761 111 57 220;
924 1761 195 57 Elisha
1150 1762 253 55 Duboise
1440 1765 108 54 204,
1584 1765 112 54 388;
1735 1765 315 54 Chairman
2085 1768 109 51 378.

408 1866 121 48 One
562 1866 145 48 hour
739 1869 90 45 for
859 1869 192 48 lunch.

403 1974 169 49 After
616 1978 276 60 enjoying
937 1995 30 43 a
1011 1992 144 46 very
1198 1981 121 57 fine
1360 1981 178 57 lunch
1582 1984 126 54 that
1752 1987 97 51 the
1897 1987 220 51 church
2160 1989 115 51 had
2320 1993 283 57 prepared
2644 1996 90 54 for

268 2064 286 45 everyone
595 2053 96 55 the
729 2055 147 54 class
913 2070 117 39 was
1069 2058 184 51 called
1293 2061 57 48 to
1387 2061 169 48 order
1596 2061 75 58 by
1711 2062 97 57 the
1849 2064 318 55 Chairman
2208 2067 228 60 singing
2476 2071 106 55 289,
2622 2073 106 55 272;

273 2127 264 57 Leaders,
568 2128 135 55 Mrs.
735 2130 217 58 Maudy
981 2133 217 55 Adams
1230 2136 108 54 205,
1369 2137 115 54 212;
1516 2137 49 54 J.
1599 2139 57 52 F.
1687 2139 220 52 Martin
1936 2142 111 55 216,
2079 2143 114 55 218;
2229 2143 136 55 Mrs.
2397 2145 154 54 John
2578 2148 150 58 Long

273 2205 108 52 215,
415 2203 120 54 47b;
574 2205 58 52 L.
667 2206 57 51 P.
760 2206 184 51 Odem
979 2209 108 54 374,
1123 2209 111 55 390;
1273 2212 214 57 Myrtie
1521 2214 130 55 Mae
1686 2215 250 54 Thomas
1974 2220 106 52 136,
2118 2221 114 58 294;
2268 2221 126 58 Roy
2428 2223 163 58 Mays
2626 2227 103 55 316,

270 2280 115 54 456;
420 2278 145 55 Veto
597 2281 181 52 Watts
811 2283 100 55 56t,
946 2284 151 55 343b;
1135 2284 184 58 Lloyd
1353 2289 178 54 Wood
1563 2292 111 54 349,
1707 2293 114 55 377;
1858 2293 121 55 Eva
2010 2296 222 52 Martin
2263 2298 111 57 411,
2409 2299 115 57 384;
2560 2301 163 55 Char¬

267 2355 73 46 lie
376 2356 181 55 Berry
594 2358 106 55 211,
736 2359 111 55 269;
886 2361 165 54 Susie
1087 2362 175 52 Amos
1302 2364 103 55 143,
1441 2367 112 55 426;
1594 2367 193 55 Elmer
1825 2370 262 52 Conwell
2124 2374 109 54 386,
2269 2374 115 57 447;
2425 2377 301 54 Chairman

274 2433 105 45 144.

403 2539 136 48 Rest
576 2542 55 46 10
664 2542 270 49 Minutes.

400 2647 160 49 Class
592 2652 183 46 called
805 2653 58 45 to
895 2653 171 48 order
1095 2656 75 55 by
1203 2658 315 54 Chairman
1548 2661 228 60 singing
1806 2664 111 57 312,
1948 2665 115 57 268;
2097 2668 270 57 Leaders,
2398 2671 136 54 Mrs.
2565 2673 159 57 Ruby

268 2724 261 48 Conwell
576 2728 105 52 189,
727 2728 112 55 290;
888 2730 184 54 Jessie
1114 2731 216 52 Adams
1377 2736 109 54 330,
1534 2737 81 55 48;
1666 2739 141 54 Miss
1852 2743 186 49 Becca
2085 2745 328 52 Wakefield
2464 2751 105 54 138,
2616 2751 108 54 371;

262 2797 160 51 Estes
462 2800 250 49 Jackson
753 2805 108 54 391,
907 2806 108 57 192;
1060 2808 190 55 Dollie
1291 2811 222 52 Franks
1560 2814 103 55 172,
1707 2817 112 54 382;
1866 2818 187 57 Wiley
2094 2821 340 54 Donaldson
2478 2827 79 55 99;
2599 2827 126 55 Will

268 2875 258 48 Cantrell
561 2878 76 55 76,
673 2880 138 55 378t;
847 2881 127 54 Van
1011 2881 138 54 Cole
1183 2886 109 55 405,
1329 2886 115 57 421;
1480 2889 156 54 John
1671 2893 186 57 Posey
1891 2896 111 54 419,
2038 2898 114 57 355;
2194 2899 318 55 Chairman
2548 2904 175 51 called

264 2950 91 46 for
396 2956 504 49 announcements.
976 2959 51 46 It
1063 2959 102 48 has
1207 2962 147 46 been
1393 2965 271 57 reported
1705 2968 126 54 that
1872 2971 96 51 the
2010 2977 292 48 members
2344 2980 60 45 of
2445 2980 97 48 the
2581 2982 141 46 First

264 3027 225 58 Eaptist
520 3028 232 57 Church
783 3031 60 54 in
871 3033 229 60 Hodges
1131 3036 103 57 has
1264 3040 172 52 voted
1468 3043 412 60 unanimously
1912 3048 58 55 to
1999 3052 172 51 make
2203 3054 99 49 the
2334 3057 231 58 singing
2592 3058 130 57 here

265 3115 72 33 an
373 3105 211 49 annual
621 3111 186 45 event.
876 3109 73 49 So
984 3112 97 46 the
1116 3114 226 60 singing
1377 3117 124 57 will
1536 3120 70 54 be
1641 3120 99 54 the
1774 3123 199 51 fourth
2011 3127 240 60 Sunday
2286 3132 63 55 in
2385 3135 247 52 October
2668 3135 54 52 in

262 3180 123 46 1959
415 3181 112 46 and
559 3184 333 57 everybody
921 3187 48 54 is
999 3187 225 54 invited
1254 3192 57 49 to
1344 3205 160 37 come
1536 3195 147 49 back
1716 3198 114 48 and
1860 3201 136 60 help
2029 3204 61 57 in
2121 3205 97 55 the
2251 3208 246 60 singing.
2532 3213 189 55 Chair¬

261 3268 135 33 man
432 3268 139 45 sang
607 3261 108 54 381,
753 3261 91 54 for
882 3262 219 58 closing
1138 3279 139 46 song
1317 3270 112 55 and
1467 3268 306 57 dismissed
1809 3277 144 48 with
1990 3294 213 45 prayer
2242 3285 76 57 by
2358 3288 138 54 Rev.
2535 3289 186 58 Johny

259 3331 63 46 B.
354 3333 295 48 Holcomb.

1147 3436 247 49 FLOYD
1429 3441 444 60 FREDERICK,
1908 3448 316 52 Chairman

1146 3529 250 49 LLOYD
1429 3534 241 58 WOOD,
1702 3537 139 55 Vice
1875 3541 316 52 Chairman

1144 3624 153 48 ROY
1335 3625 225 60 MAYS,
1600 3630 307 60 Secretary

1143 3717 313 58 Hamilton,
1489 3720 126 55 Ala.

1452 3877 61 61 *

928 4029 231 81 Arab
1242 4035 351 81 Annual
1677 4042 364 108 Singing

486 4164 150 48 Held
681 4167 55 48 at
780 4167 318 52 Brashier's
1144 4173 219 60 Chapel
1408 4177 235 55 Church
1687 4183 96 49 2Vz
1827 4185 171 49 Miles
2044 4189 136 49 East
2226 4192 61 48 of
2326 4194 160 49 Arab

1213 4285 252 48 October
1506 4290 75 54 26,
1629 4291 123 52 1958

384 4380 157 52 Class
583 4384 183 49 called
805 4386 57 48 to
901 4390 171 48 order
1110 4392 76 58 by
1228 4393 312 57 Chairman
1584 4399 61 51 O.
1683 4401 67 49 H.
1791 4402 271 60 Handley
2101 4410 232 60 singing
2371 4414 78 57 32,
2491 4419 78 55 36,
2610 4419 111 55 298;

243 4455 219 57 Prayer
489 4459 76 55 by
592 4461 129 54 Bro.
751 4462 189 52 David
969 4467 184 49 Bales.
1215 4471 274 49 Business
1518 4474 234 51 session.
1816 4479 120 49 The
1965 4483 306 63 following
2301 4491 241 55 officers
2572 4509 151 37 were

249 4533 220 49 elected
508 4537 109 46 and
657 4540 325 58 appointed,
1021 4542 120 60 Coy
1176 4545 264 60 Putnam,
1479 4549 334 66 Chairman;
1852 4557 232 58 Marcus
2122 4563 186 58 Light,
2344 4567 142 54 Vice
2526 4572 198 51 Chair-
