3000 4800
835 163 327 52 ANNUAL
1200 169 298 52 SACRED
1534 174 208 49 HARP
1780 175 360 52 SINGINGS

2710 178 31 52 r

255 337 744 138 ALABAMA,
1089 349 699 133 GEORGIA,
1872 355 834 127 MISSISSIPPI

915 544 237 102 and
1227 546 831 108 TENNESSEE

234 798 594 142 ANNUAL
918 802 567 142 SACRED
1572 810 408 138 HARP
2070 811 669 142 SINGINGS

996 1110 291 51 FRIDAY
1335 1113 243 51 NIGHT
1626 1114 360 51 SINGINGS

235 1236 220 58 Friday
496 1237 174 58 night
709 1237 208 58 before
961 1239 102 57 the
1108 1239 157 57 First
1309 1240 118 55 and
1470 1242 183 54 Third
1698 1242 271 61 Sundays
2014 1245 60 58 at
2118 1243 205 60 Boldo.

235 1347 222 58 Friday
489 1347 174 60 night
694 1348 208 58 before
937 1350 102 57 the
1077 1350 231 57 Second
1342 1351 243 60 Sunday
1621 1354 60 57 at
1716 1353 216 60 Sardis,
1971 1368 144 45 near
2148 1354 171 60 Lynn
2353 1356 172 58 Park.
2596 1356 141 58 Also

372 1425 61 49 at
474 1425 187 60 Unity
706 1426 253 60 Church,
1006 1428 31 58 9
1081 1428 177 58 Miles
1299 1429 319 57 Northeast
1663 1429 61 57 of
1770 1431 289 55 Cullman.

237 1537 220 57 Friday
495 1536 174 60 night
705 1537 207 58 before
955 1539 102 57 the
1096 1539 225 57 Fourth
1363 1540 243 60 Sunday
1647 1542 61 58 at
1747 1540 358 61 Dillsworth,
2148 1545 33 57 2
2226 1543 85 58 1-2
2353 1543 169 58 miles
2565 1542 174 60 north

372 1614 64 49 of
472 1614 289 60 Sumiton,
799 1615 130 58 Ala.

838 1843 319 49 SPECIAL
1188 1845 291 49 FRIDAY
1510 1845 241 49 NIGHT
1786 1845 360 49 SINGINGS

373 1971 223 60 Friday
631 1971 172 60 night
840 1971 207 60 before
1084 1971 102 60 the
1225 1971 184 60 Third
1446 1971 244 60 Sunday
1726 1972 64 58 in
1827 1971 220 60 March,
2088 1971 310 60 Memorial
2440 1972 61 58 at
2538 1972 202 58 Boldo.

240 2083 222 57 Friday
505 2082 172 61 night
721 2082 207 61 before
975 2082 102 61 the
1123 2082 157 61 First
1326 2082 244 61 Sunday
1614 2083 66 60 in
1728 2083 268 60 October,
2044 2082 295 61 Midnight
2388 2083 244 60 Singing
2680 2083 61 60 at

375 2160 205 51 Boldo.

949 2386 418 49 SATURDAY
1399 2385 244 51 NIGHT
1678 2385 360 51 SINGINGS

244 2515 298 60 Saturday
583 2515 171 60 night
793 2514 207 61 before
1042 2514 102 61 the
1185 2512 157 63 First
1386 2511 243 64 Sunday
1672 2511 60 64 at
1774 2509 333 66 Haleyville
2152 2509 381 66 Courthouse.

246 2628 298 58 Saturday
580 2626 172 60 night
789 2625 208 61 before
1035 2625 102 61 the
1177 2623 183 63 Third
1402 2622 243 64 Sunday
1684 2623 61 63 at
1782 2622 246 64 Liberty
2071 2620 429 66 (McCormack)

247 2739 298 58 Saturday
597 2736 172 61 night
820 2736 207 61 before
1081 2734 102 63 the
1236 2733 225 64 Fourth
1516 2731 243 66 Sunday
1813 2733 61 64 at
1926 2731 135 66 Phil
2119 2730 325 67 Campbell;
2505 2730 121 67 also
2683 2730 63 67 at

376 2815 264 60 Liberty,
684 2827 147 48 near
874 2812 264 63 Helicon.

1008 3039 316 52 SUNDAY
1354 3037 241 54 NIGHT
1630 3034 360 57 SINGINGS

247 3175 157 49 First
439 3172 118 52 and
591 3171 186 54 Third
810 3169 246 58 Sunday
1090 3166 202 61 nights
1326 3166 63 61 at
1420 3165 103 63 Mt.
1558 3163 295 64 Lebanon,
1890 3163 31 64 8
1956 3160 172 67 miles
2163 3160 70 67 N.
2268 3159 84 69 W.
2389 3159 63 69 of
2487 3157 262 70 Fayette.

247 3286 157 49 First
445 3283 247 58 Sunday
732 3280 171 61 night
946 3280 61 61 at
1047 3274 369 67 Friendship,
1459 3274 189 67 Route
1692 3274 46 67 3,
1783 3270 349 72 Haleyville.

252 3397 231 49 Second
517 3393 247 58 Sunday
798 3390 172 61 night
1006 3390 61 61 at
1102 3385 259 66 Antioch
1398 3382 252 69 Church.

252 3508 232 49 Second
523 3504 118 54 and
681 3501 226 57 Fourth
949 3499 244 58 Sunday
1234 3495 198 63 nights
1476 3495 61 63 at
1579 3493 114 64 Old
1734 3492 133 66 Flat
1905 3490 201 67 Wood.

250 3619 159 49 Each
448 3616 186 52 Third
672 3613 246 58 Sunday
957 3612 61 60 at
1054 3606 352 66 Fultondale
1449 3606 135 66 City
1621 3603 154 69 Hall.

1125 3831 364 54 JANUARY
1530 3828 355 57 SUNDAYS

250 3976 150 49 New
436 3972 207 54 Year's
682 3970 135 58 Day
852 3996 70 33 —
957 3961 217 67 Pisgah
1213 3960 234 69 Baptist
1488 3955 252 73 Church,
1783 3955 27 73 1
1855 3955 87 73 1-2
1981 3952 172 76 miles
2193 3951 190 78 North
2424 3949 63 79 of
2529 3949 223 79 Sipsey.

250 4087 157 49 First
447 4114 70 22 —
555 4083 106 54 Mt.
705 4078 174 61 High.

253 4198 301 57 Saturday
586 4192 186 63 night,
808 4191 271 64 January
1116 4186 63 69 10
1210 4210 69 45 —
1311 4182 139 73 Mrs.
1485 4177 225 78 Luther
1746 4174 286 81 Calvert's
2065 4171 117 84 and
2215 4173 139 82 Mrs.
2391 4171 121 84 Jim
2547 4170 205 85 Wood-

384 4275 150 60 ley's
573 4269 295 66 Birthday
909 4263 249 72 Singing
1198 4261 63 73 at
1300 4258 187 76 Boldo
1531 4254 309 81 Primitive
1882 4251 231 84 Baptist
2155 4248 250 87 Church.

250 4387 235 51 Second
523 4410 72 28 —
633 4375 357 63 Fultondale
1033 4374 138 64 City
1212 4369 154 69 Hall.

247 4498 231 54 Fourth
525 4522 72 30 —
640 4488 367 64 Dillsworth,
1057 4486 34 66 2
1143 4485 90 67 1-2
1279 4480 174 72 miles
1501 4477 192 75 North
1746 4474 67 78 of
1861 4473 274 79 Sumiton
2185 4485 78 67 on
2314 4470 273 82 Sumiton
2638 4468 124 84 and

385 4576 216 60 Sipsey
643 4567 183 69 Road.
