3000 4800
825 165 324 49 ANNUAL
1188 168 298 48 SACRED
1524 168 207 48 HARP
1768 168 360 48 SINGINGS

2664 165 61 48 31

360 354 298 78 Sardis
739 343 516 105 (Jefferson
1327 346 397 114 County)
1809 355 355 105 Annual
2233 355 366 105 Singing

727 514 28 46 3
793 513 174 52 Miles
1003 514 157 51 West
1197 514 61 51 of
1291 514 231 55 Morris,
1558 514 127 55 Ala.
1719 543 67 27 —
1819 514 139 57 May
1993 514 78 57 25,
2112 514 124 57 1958

363 642 247 58 Singing
646 655 121 45 was
805 642 190 58 called
1029 642 58 58 to
1126 643 172 57 order
1333 643 78 57 by
1449 643 66 57 G.
1552 643 54 57 S.
1644 643 160 57 Doss.
1876 643 219 57 Prayer
2130 642 78 58 by
2244 642 138 58 Mrs.
2418 640 124 60 Bob
2580 640 151 60 Den-

232 735 120 34 son:
441 720 258 49 Officers
748 721 241 54 elected,
1041 721 67 54 G.
1159 721 55 54 S.
1266 721 162 54 Doss,
1477 718 336 57 Chairman;
1867 718 240 57 Millard
2155 718 382 57 McWhorter,
2590 717 142 58 Vice

234 799 336 55 Chairman;
604 798 117 57 and
748 798 135 57 Mae
913 798 306 57 Seymour,
1249 798 327 57 Secretary.
1638 796 336 58 Arranging
2002 795 364 60 Committee,
2398 796 91 58 Ira
2518 795 213 60 James,

234 877 222 48 Leman
498 877 219 48 Brown
762 876 115 49 and
922 876 60 49 L.
1030 876 60 49 C.
1138 874 223 51 Crider.
1440 874 154 51 First
1638 874 214 54 leader,
1900 874 90 54 Ira
2037 874 196 54 James
2281 873 108 55 123,
2434 873 117 58 441;
2595 873 139 58 Mrs.

234 954 297 48 Kathleen
567 952 271 49 Tarwick
874 954 114 55 378,
1024 954 84 55 48;
1146 951 273 58 Leonard
1452 951 217 58 Morris
1704 952 79 57 63,
1819 952 82 57 91;
1941 951 55 58 S.
2032 951 60 58 E.
2130 949 195 60 Pruitt
2358 952 78 57 85,
2473 951 82 58 87;
2595 949 139 60 Mrs.

235 1033 231 55 Forney
501 1032 165 57 Cobb
699 1032 112 57 434,
847 1032 114 57 203;
1002 1030 154 58 Ottis
1189 1030 60 58 L.
1284 1030 172 58 Hand
1489 1029 109 60 340,
1635 1029 115 60 436;
1788 1029 108 60 Mr.
1932 1029 63 60 R.
2031 1029 67 60 H.
2134 1027 300 61 Burnham
2473 1027 106 61 112,
2616 1027 115 61 371;

235 1110 145 49 Miss
411 1110 72 49 Jo
514 1110 138 49 Ann
682 1108 259 51 Jackson
973 1108 111 54 204,
1117 1108 111 54 337.

372 1203 141 49 Rest
549 1204 61 48 10
643 1201 277 51 Minutes.

373 1297 207 48 Called
613 1297 57 48 to
706 1297 175 48 order
913 1296 79 57 by
1024 1294 258 58 Lindsey
1315 1294 208 58 Crider
1557 1293 232 60 singing
1824 1294 106 58 137,
1969 1294 111 58 155;
2116 1293 156 60 John
2307 1291 285 61 Spradley
2629 1291 106 61 108,

240 1377 117 55 274;
393 1375 138 57 Mrs.
564 1374 195 58 Annie
793 1374 175 58 Creel
999 1374 111 58 216,
1143 1374 117 58 272;
1293 1372 222 60 Dewey
1546 1371 300 61 McCullar
1878 1371 111 61 224,
2023 1369 114 63 379;
2172 1371 138 61 Mrs.
2344 1371 63 61 O.
2440 1371 69 61 H.
2542 1368 195 64 Hand-

238 1453 100 55 ley
376 1453 111 55 296,
526 1453 115 55 396;
685 1452 163 57 Odus
886 1450 225 58 Parker
1149 1450 112 58 402,
1302 1450 115 58 403;
1459 1449 133 60 Mae
1633 1447 286 61 Seymour
1959 1449 111 60 301,
2110 1447 114 61 316;
2269 1447 60 61 L.
2370 1447 60 61 L.
2470 1446 270 63 Wilburn

243 1531 111 55 186,
384 1531 114 55 211.

378 1623 141 48 Rest
555 1623 61 48 10
649 1621 277 49 Minutes.

379 1716 207 49 Called
624 1717 60 48 to
726 1716 174 49 order
940 1714 78 57 by
1059 1714 222 57 Leman
1321 1713 217 58 Brown
1579 1710 231 61 singing
1851 1711 76 60 47,
1974 1711 109 60 138;
2128 1708 186 63 Lloyd
2356 1710 229 61 Rhodes
2632 1708 106 63 172,

243 1795 120 55 283;
393 1795 139 55 Mrs.
561 1794 250 57 Preston
838 1792 246 58 Warren
1111 1791 114 60 454,
1254 1791 117 60 456;
1402 1789 58 61 T.
1491 1791 51 60 J.
1570 1788 196 63 Miller
1795 1789 112 61 214,
1936 1788 115 63 430;
2083 1788 138 63 Mrs.
2250 1786 255 64 Lindsey
2535 1785 208 66 Crider

247 1873 111 54 411,
394 1872 115 57 377;
547 1870 61 58 T.
646 1872 61 57 C.
744 1869 258 60 Jackson
1036 1869 111 60 202,
1188 1867 111 61 140;
1338 1867 67 61 A.
1441 1867 61 61 L.
1540 1866 222 63 Parker
1797 1866 111 63 422,
1945 1866 114 63 395;
2100 1863 190 66 Willie
2328 1864 130 64 Mae
2496 1861 246 67 Latham

247 1950 112 55 217,
408 1950 117 55 442;
576 1947 297 58 Welcome
921 1945 241 60 adrdess
1209 1944 79 61 by
1336 1944 99 61 the
1486 1942 198 63 pastor
1734 1944 63 61 of
1843 1942 99 63 the
1989 1941 220 64 church
2259 1941 129 64 Bro.
2439 1938 300 67 Brumley;

252 2026 235 49 Charlie
528 2025 174 51 Creel
741 2034 144 46 sang
922 2022 105 58 45t,
1068 2022 78 58 by
1186 2020 238 60 request
1464 2019 61 61 of
1564 2019 99 61 the
1702 2019 213 61 pastor.

384 2121 127 48 One
546 2118 154 51 hour
733 2116 96 52 for
861 2115 199 54 lunch.

384 2211 207 49 Called
628 2211 58 49 to
727 2211 175 49 order
942 2209 78 55 by
1059 2208 241 57 Millard
1339 2203 367 61 McWhorter
1746 2202 231 63 singing
2017 2203 76 61 57,
2133 2203 79 61 58;
2259 2203 64 61 O.
2364 2202 67 63 H.
2473 2200 270 64 Handley

252 2290 76 55 77,
367 2292 115 54 318;
523 2289 139 57 Mrs.
702 2287 144 58 Lola
882 2284 252 61 Jenkins
1171 2284 111 61 302,
1321 2283 115 63 426;
1479 2281 247 64 Preston
1764 2281 243 64 Warren
2049 2280 106 66 173,
2197 2280 112 66 225;
2353 2278 184 67 Marie
2578 2278 166 67 Ryan

253 2368 111 55 361,
397 2368 118 55 362;
552 2367 232 57 George
816 2362 253 61 Phillips
1104 2362 109 61 121,
1245 2361 118 63 271;
1396 2361 141 63 Mrs.
1569 2356 156 67 Elsie
1755 2355 306 69 McCullar
2089 2356 112 67 435,
2236 2356 82 67 68;
2353 2355 126 69 Bob
2511 2355 238 69 Denson

258 2446 106 54 189,
394 2445 117 55 297;
544 2443 190 57 Rufus
765 2440 214 60 Holley
1009 2440 78 60 33,
1123 2439 111 61 198;
1269 2437 136 63 Mrs.
1437 2434 174 66 Arlin
1639 2434 181 66 Webb
1852 2434 109 66 314,
1993 2433 82 67 44;
2109 2433 489 67 Announcement
2625 2443 123 57 was

255 2523 169 48 made
457 2521 79 57 by
570 2518 213 60 Albert
814 2518 148 60 Doss
999 2517 60 61 of
1090 2515 100 63 the
1224 2512 433 66 improvement
1689 2511 175 67 being
1896 2509 171 69 made
2101 2509 61 69 in
2194 2508 99 70 the
2329 2509 307 69 cemetery,
2673 2521 76 57 an

258 2599 256 55 offering
544 2610 123 45 was
694 2595 174 60 made
898 2595 93 60 for
1020 2593 99 61 the
1152 2592 315 63 cemetery;
1500 2590 136 64 Mrs.
1668 2587 181 67 Maud
1881 2586 195 69 Quinn
2107 2586 109 69 336,
2250 2586 114 69 348;
2397 2586 136 69 Mrs.
2565 2583 181 72 Kath¬

255 2677 133 48 leen
417 2674 274 51 Tarwick
721 2673 114 55 304,
867 2671 114 57 419.

388 2770 142 48 Rest
565 2769 61 49 10
660 2766 279 52 Minutes.

387 2862 207 49 Called
628 2862 58 49 to
724 2860 174 51 order
933 2859 78 55 by
1047 2856 210 58 Albert
1293 2856 147 58 Doss
1476 2851 231 63 singing
1741 2851 114 63 406;
1896 2851 136 63 Mrs.
2070 2848 198 66 Trixie
2301 2847 298 67 Vandiver
2640 2848 106 66 181,

258 2943 112 58 183;
403 2938 240 63 Charlie
676 2937 175 64 Creel
882 2937 114 64 269,
1029 2935 117 66 306;
1182 2934 141 67 Mrs.
1357 2932 169 69 Irene
1555 2929 225 72 Parker
1810 2928 112 73 234,
1956 2928 117 73 355;
2107 2928 124 73 Ben
2266 2925 184 76 Shipp
2482 2925 112 76 222,
2628 2925 117 76 218;

256 3019 136 46 Mrs.
423 3019 61 46 T.
517 3018 61 48 C.
609 3016 261 49 Jackson
900 3013 112 54 313,
1044 3013 115 54 200;
1194 3012 232 55 Forney
1458 3007 160 60 Cobb
1651 3007 109 60 328,
1794 3006 115 61 205;
1942 3004 136 63 Mrs.
2112 3003 214 64 Mamie
2358 3001 247 66 Jenkins
2635 3001 111 66 426,

261 3097 108 57 100;
406 3097 139 57 Mrs.
580 3093 243 61 Juanita
856 3090 199 64 Roach
1087 3090 112 64 358,
1234 3087 117 67 294;
1389 3087 138 67 Mrs.
1560 3084 67 70 G.
1663 3084 55 70 S.
1753 3082 147 72 Doss
1935 3082 109 72 208,
2083 3081 111 73 182;
2232 3078 519 76 Announcements

261 3174 231 57 singing
529 3169 331 61 adjourned
898 3166 145 64 with
1081 3168 91 63 Ira
1210 3166 198 64 James
1447 3160 229 70 singing
1714 3160 79 70 56;
1869 3157 321 73 Dismissed
2226 3156 78 75 by
2341 3159 130 72 Bro.
2512 3156 243 75 Charles

261 3252 162 48 Doss.

1164 3337 67 48 G.
1266 3336 55 49 S.
1354 3333 207 55 DOSS,
1597 3330 318 58 Chairman

1168 3427 348 49 MILLARD
1551 3421 486 55 McWHORTER,
2071 3420 141 57 Vice
2248 3418 316 58 Chairman

1164 3523 165 46 MAE
1366 3517 379 55 SEYMOUR,
1785 3514 312 58 Secretary

1482 3694 66 63 *

942 3895 286 79 Boldo
1302 3888 355 87 Annual
1734 3886 366 102 Singing

559 4065 31 46 6
628 4060 177 51 Miles
843 4056 141 55 East
1021 4054 64 57 of
1120 4053 213 58 Jasper
1372 4063 76 48 on
1488 4047 294 64 Highway
1821 4045 63 66 69
1921 4071 67 40 —
2026 4042 141 69 May
2206 4041 81 70 25,
2329 4039 127 72 1958

388 4194 123 49 The
546 4189 234 58 singing
813 4197 123 51 was
970 4180 190 67 called
1194 4180 58 67 to
1287 4177 172 70 order
1492 4176 60 72 at
1587 4174 117 73 9:30
1738 4188 46 60 a.
1819 4186 73 61 m.
1927 4171 78 76 by
2038 4170 99 78 the
2172 4167 331 81 Chairman,
2539 4162 217 85 Robert

250 4273 295 57 Aldridge
597 4266 237 64 singing
885 4260 124 70 31b;
1065 4260 223 70 Prayer
1339 4254 78 76 by
1468 4254 130 76 Bro.
1653 4251 108 79 Joe
1813 4249 214 81 Myers.
2115 4245 319 85 Chairman
2485 4252 142 78 sang
2680 4240 79 90 27.

261 4351 165 49 Class
457 4363 124 37 was
612 4339 319 63 organized
961 4336 81 66 by
1074 4335 100 67 the
1204 4330 256 72 electing
1492 4329 63 73 of
1582 4327 223 75 Robert
1833 4324 301 78 Aldridge,
2170 4321 337 81 Chairman;
2542 4318 222 84 Nelson

262 4429 220 55 Butler,
525 4425 145 60 Vice
714 4416 340 69 Chairman;
1102 4410 114 75 and
1258 4407 255 78 Patricia
1555 4404 219 81 Butler,
1819 4402 322 82 Secretary.
2217 4396 336 88 Arranging
2595 4395 166 90 Com-

264 4467 220 96 mittee]
525 4504 184 58 Oscar
745 4495 271 67 Putman,
1056 4489 115 73 and
1207 4488 145 75 Tom
1389 4485 244 78 Harper.
1705 4479 318 84 Chairman
2058 4486 142 76 sang
2238 4476 111 87 460.
2419 4473 154 90 First
2608 4471 157 91 lead¬

267 4600 63 36 er
381 4579 285 57 Kenneth
702 4570 270 66 Fanning
1005 4569 112 67 405,
1153 4566 115 70 222;
1308 4560 216 76 Johnie
1560 4555 294 81 Southard
1893 4555 105 81 112,
2035 4555 114 81 298;
2188 4552 213 84 Johnie
2436 4551 184 85 Black
2655 4549 112 87 441,
