3000 4800
258 213 61 46 90
496 211 391 54 ALABAMA,
939 211 352 54 GEORGIA,
1341 207 456 58 MISSISSIPPI,
1848 202 160 63 AND
2059 190 433 75 TENNESSEE

259 399 177 43 every
468 385 327 57 individual
826 384 130 58 who
987 384 114 58 had
1132 397 30 45 a
1194 384 132 58 part
1356 382 61 60 in
1447 382 114 60 this
1593 378 408 64 undertaking.
2067 375 100 67 We
2200 369 375 73 recommend
2607 369 112 73 that

261 477 30 33 a
334 475 144 45 copy
522 463 60 57 of
621 463 160 57 these
826 460 346 60 resolutions
1218 460 69 60 be
1332 457 210 63 spread
1584 469 154 51 upon
1783 454 256 66 minutes
2085 451 61 69 of
2190 448 117 72 this
2352 445 361 75 Association.

259 540 169 45 After
463 538 96 46 the
595 538 273 57 adoption
903 537 58 58 of
994 537 96 58 the
1125 535 319 60 resolution
1479 547 31 48 a
1543 534 180 61 rising
1756 534 135 61 vote
1926 531 61 64 of
2020 528 214 67 thanks
2269 535 121 60 was
2427 522 169 73 given
2629 525 84 70 the

255 615 357 54 community
649 615 58 54 of
744 613 420 55 Edwardsville
1201 613 90 55 for
1329 612 72 57 its
1438 609 339 60 hospitality
1816 607 211 61 during
2064 606 99 63 the
2202 600 361 69 association.
2599 601 112 67 Fol¬

259 693 214 55 lowing
516 693 96 55 the
655 691 262 57 business
960 690 217 58 session
1222 687 229 61 singing
1492 697 120 51 was
1654 684 270 64 resumed
1968 682 79 66 by
2089 681 139 67 Mrs.
2275 679 147 69 Zera
2463 678 249 70 Tolleson

264 771 106 49 143,
406 771 112 51 432;
558 769 64 52 H.
661 769 57 52 E.
756 766 315 57 Murphree
1107 766 114 57 350;
1261 763 183 60 Diane
1482 762 228 61 Dowell
1746 762 75 61 61,
1861 760 79 63 75;
1984 759 60 64 L.
2082 757 60 66 F.
2179 754 280 69 Knowles
2502 756 102 67 147,
2638 757 73 66 40;

259 847 136 45 Mrs.
429 846 139 46 Lola
598 844 243 48 McCain
876 844 105 52 170,
1017 843 108 55 101;
1161 841 136 57 Mrs.
1329 840 154 58 John
1513 840 154 58 Kerr
1699 838 108 60 337,
1839 837 115 61 396;
1990 835 49 63 J.
2071 835 64 63 R.
2167 832 175 66 Allen
2376 832 109 66 208,
2518 832 109 66 222;
2659 835 55 63 62

259 937 118 33 was
411 933 145 46 sung
588 922 75 57 by
696 921 96 58 the
826 919 361 60 Association
1222 918 112 61 and
1368 916 306 63 dismissed
1705 915 76 64 by
1815 915 97 64 the
1948 910 303 69 Chaplain.
2320 909 118 70 The
2473 910 156 69 place
2661 913 51 66 of

261 1000 139 46 next
432 999 252 55 meeting
715 999 57 55 to
804 997 69 57 be
907 996 342 58 announced
1282 994 57 60 at
1371 1008 31 46 a
1431 993 150 61 later
1612 991 147 63 date.

1152 1086 358 49 LEONARD
1549 1083 304 52 MORRIS,
1896 1081 307 55 Secretary

1152 1162 168 48 MRS.
1362 1162 204 48 RUTH
1606 1159 289 55 BROWN,
1938 1158 292 57 Assistant

1459 1309 63 58 ★

756 1465 201 75 New
1029 1462 349 78 Canaan
1447 1456 354 84 Annual
1873 1458 366 100 Singing

1182 1603 343 57 September
1566 1602 73 58 14,
1680 1600 124 60 1958

399 1719 190 43 House
627 1716 184 46 called
846 1716 57 46 to
942 1714 169 48 order
1146 1714 76 55 by
1258 1713 136 57 Otto
1429 1711 205 58 Allred
1671 1708 229 61 singing
1935 1710 82 60 47;
2056 1710 220 60 Prayer
2310 1707 78 63 by
2422 1707 135 63 Rev.
2593 1707 121 63 Sam

268 1794 249 46 Calvert.
588 1794 117 46 The
742 1791 301 57 following
1081 1789 237 58 officers
1356 1801 156 46 were
1549 1788 223 60 elected
1812 1786 115 61 and
1966 1785 330 63 appointed,
2338 1783 135 64 Otto
2511 1782 204 66 Allred,

267 1869 331 54 Chairman;
630 1869 214 54 Walter
873 1867 306 55 Chandler,
1209 1866 138 57 Vice
1377 1864 333 58 Chairman;
1744 1863 111 60 and
1885 1861 192 61 Alpha
2107 1860 271 63 Pittman,
2412 1860 303 63 Secretary.

268 1945 328 55 Arranging
640 1944 358 57 Committee,
1045 1942 58 58 C.
1149 1942 58 58 E.
1255 1941 249 60 Calvert,
1552 1939 220 61 Bennie
1821 1939 190 61 Capps
2059 1938 112 63 and
2218 1936 229 64 Marion
2494 1936 220 64 Chaffin

262 2020 327 46 Proceeded
625 2020 141 46 with
804 2019 228 55 singing
1068 2019 75 55 by
1180 2017 315 57 Chairman
1530 2016 229 58 singing
1797 2016 114 58 318;
1951 2014 267 60 Leaders,
2257 2014 60 60 L.
2353 2013 58 61 E.
2449 2013 264 61 Johnson;

270 2098 177 46 Oscar
481 2098 208 46 Owens
723 2097 106 52 298,
864 2097 114 52 300;
1012 2095 67 54 H.
1114 2095 60 54 C.
1209 2094 226 55 Golden
1468 2094 76 55 89,
1584 2094 136 55 123t;
1756 2092 214 57 Ruffus
2004 2091 247 58 Tidwell
2290 2091 105 58 123,
2431 2091 111 58 349;
2578 2089 138 60 Ron¬

271 2173 93 45 ald
400 2173 256 46 Gilmore
693 2173 108 52 411,
837 2172 112 54 200;
988 2170 139 55 Ellis
1164 2170 253 57 Murphy
1453 2170 109 57 208,
1600 2170 112 57 212;
1753 2169 136 58 Mrs.
1927 2169 156 58 John
2118 2167 217 60 Hocutt
2376 2167 103 60 187,
2517 2167 108 60 402;
2661 2166 55 61 C.

271 2248 57 46 E.
364 2248 234 46 Calvert
631 2248 100 52 36t,
768 2248 112 55 214;
918 2247 177 57 Alton
1128 2247 282 57 Williams
1447 2245 105 58 112,
1591 2247 106 57 137.

400 2341 138 45 Rest
573 2341 58 45 10
664 2340 268 46 Minutes.

402 2431 199 48 Called
637 2433 57 46 to
732 2433 168 46 order
934 2433 76 54 by
1045 2431 139 55 Vice
1222 2431 315 55 Chairman
1575 2430 229 57 singing
1839 2431 115 55 213;
1993 2430 213 57 Johnie
2244 2430 222 57 Parker
2502 2430 73 57 79,
2611 2430 103 57 388;

270 2508 135 46 Mrs.
438 2509 270 45 Hancock
744 2509 103 52 143,
880 2508 112 54 299;
1026 2508 237 54 Buckey
1293 2506 196 55 Aaron
1519 2506 76 55 75.
1627 2506 114 55 215;
1774 2506 138 55 Mrs.
1942 2506 67 55 G.
2041 2506 54 55 S.
2127 2506 148 55 Doss
2304 2506 111 55 369,
2446 2506 112 55 314;
2587 2505 55 57 T.
2668 2505 48 57 J.

270 2583 196 46 Miller
499 2583 108 55 426,
643 2584 114 54 416;
795 2583 214 55 Bertha
1044 2584 234 54 Henson
1314 2583 109 55 293,
1461 2583 114 55 222;
1614 2583 154 55 John
1803 2583 217 55 Hocutt
2056 2583 111 55 395,
2206 2583 115 58 392;
2359 2583 193 58 Alpha
2586 2581 132 60 Pitt-

268 2671 135 34 man
439 2659 106 55 292,
582 2659 112 55 447;
735 2658 312 57 Chairman
1081 2659 109 55 269.

403 2751 123 46 One
558 2751 145 46 hour
732 2751 91 46 for
853 2751 190 46 lunch.

403 2842 199 46 Called
637 2844 57 45 to
730 2844 168 45 order
933 2842 78 55 by
1044 2842 229 55 Marion
1309 2844 213 54 Chafin
1557 2842 231 57 singing
1822 2845 106 54 155,
1966 2845 115 55 431;
2122 2845 181 55 Oscar
2337 2845 249 55 Putman
2622 2844 99 57 172,

273 2919 114 54 272;
420 2919 133 54 Mrs.
589 2917 256 55 Gilmore
877 2919 109 54 441,
1024 2919 109 55 139;
1168 2919 114 55 Lee
1315 2919 177 55 Wells
1522 2920 109 54 347,
1671 2920 111 54 122;
1816 2920 210 58 Madge
2059 2922 223 57 McCoy
2317 2923 76 55 88,
2428 2923 114 55 391;
2577 2920 63 58 G.
2671 2919 49 60 S.

271 2994 145 48 Doss
447 2995 108 52 344,
586 2994 112 54 367;
730 2994 49 54 J.
811 2994 64 54 D.
907 2994 147 54 Wall
1083 2995 109 54 451,
1224 2995 114 55 450;
1372 2995 138 55 Mrs.
1540 2995 61 55 L.
1632 2997 60 54 E.
1722 2995 264 55 Johnson
2022 2998 106 54 153,
2163 2998 114 55 343;
2313 2998 64 55 R.
2409 2998 67 55 A.
2511 2995 210 58 Canant

268 3070 112 55 440,
424 3070 112 55 408;
580 3070 321 55 Willodean
946 3069 390 57 Smitherman
1380 3072 114 57 454;
1540 3072 223 57 Melvin
1807 3073 145 55 Reid
1998 3073 111 55 337,
2154 3075 117 55 400;
2319 3075 136 55 Sam
2500 3072 222 58 Calvert

271 3147 109 54 274,
414 3145 148 55 235b.

403 3238 136 46 Rest
570 3240 57 45 10
655 3238 268 46 Minutes.

399 3330 199 46 Called
636 3331 57 45 to
729 3331 169 46 order
936 3331 75 55 by
1050 3331 219 55 Bennie
1309 3333 190 57 Capps
1537 3333 229 58 singing
1804 3336 111 55 283,
1953 3337 114 55 436;
2110 3337 228 55 Tressie
2377 3337 211 55 Atkins
2628 3336 96 57 129,

270 3406 115 54 460;
421 3408 177 52 Huett
630 3406 304 57 Randolph
966 3408 108 55 329,
1113 3408 147 57 176b;
1296 3409 163 55 Vona
1492 3409 217 55 Barton
1741 3412 112 54 434,
1887 3414 156 55 435b;
2079 3414 286 55 Franklin
2397 3414 196 55 Miller
2623 3412 100 57 375,

273 3483 115 54 374;
424 3481 58 55 C.
517 3481 57 55 E.
610 3481 235 55 Calvert
877 3483 135 55 448t,
1047 3484 114 55 432;
1197 3484 114 55 Lee
1345 3486 177 54 Wells
1555 3487 76 54 97,
1666 3487 111 55 319,
1813 3489 114 57 294;
1965 3490 51 55 J.
2052 3489 66 57 D.
2152 3490 151 55 Wall
2337 3492 78 55 77,
2454 3490 111 57 117;
2599 3487 126 60 This

270 3558 211 46 annual
519 3558 225 55 singing
780 3558 121 55 will
937 3559 69 54 be
1045 3561 304 52 combined
1387 3562 58 51 in
1482 3562 142 51 with
1662 3564 97 49 the
1797 3564 306 58 Mulberry
2140 3567 180 55 River
2358 3565 367 57 Convention,

270 3634 99 45 the
403 3633 130 46 first
567 3634 234 55 Sunday
837 3636 111 54 and
984 3634 286 58 Saturday
1306 3637 202 55 before
1542 3639 61 54 in
1638 3640 360 58 September,
2038 3643 139 55 1959.

1159 3729 195 49 OTTO
1393 3730 315 58 ALLRED,
1753 3733 316 55 Chairman

1158 3807 313 48 WALTER
1510 3808 427 58 CHANDLER,
1975 3813 144 54 Vice
2158 3814 318 52 Chairman

1158 3882 258 48 ALPHA
1449 3885 357 58 PITTMAN,
1845 3888 309 58 Secretary

1467 4029 63 63 ★

643 4191 457 81 Mountain
1185 4197 288 79 Home
1557 4198 354 81 Annual
2001 4204 366 105 Singing

1191 4321 343 58 September
1576 4326 73 55 14,
1692 4327 124 54 1958

405 4408 192 46 House
642 4410 184 48 called
867 4411 265 58 together
1174 4414 78 57 by
1293 4416 184 57 Floyd
1521 4417 315 55 Frederick
1881 4419 231 61 singing
2154 4423 78 57 36,
2278 4425 81 55 75;
2407 4426 220 57 Prayer
2670 4425 70 58 by

273 4483 130 48 Bro.
439 4483 249 49 Richard
724 4486 246 58 Godsey.
1038 4489 120 55 The
1192 4492 304 60 following
1531 4495 238 57 officers
1804 4509 157 43 were
1996 4497 228 55 elected
2259 4503 115 49 and
2412 4501 327 60 appointed;

273 4560 183 57 Floyd
493 4561 324 58 Frederick,
858 4564 333 61 Chairman;
1233 4569 187 58 Lloyd
1455 4572 196 55 Wood,
1687 4572 144 55 Vice
1869 4573 339 58 Chairman;
2251 4579 114 52 and
2403 4579 127 58 Roy
2566 4582 175 57 Mays,
