3000 4800
838 126 327 49 ANNUAL
1203 130 298 49 SACRED
1539 133 207 48 HARP
1785 135 360 48 SINGINGS

2680 133 61 48 63

243 298 264 49 Jackson.
579 298 52 49 A
669 300 165 49 short
870 301 271 52 business
1177 307 223 48 session
1435 322 121 34 was
1591 310 138 46 held
1764 310 58 48 to
1860 309 142 49 hear
2037 310 199 58 report
2272 310 61 58 of
2368 310 97 58 the
2503 310 237 58 various

243 375 372 51 committees.
688 378 379 52 Resolutions
1107 384 367 58 Committee,
1516 387 115 55 We,
1672 399 150 43 your
1863 387 348 55 Committee
2251 400 75 42 on
2365 387 372 55 Resolutions

243 453 139 51 wish
414 453 60 51 to
508 454 175 49 make
720 456 100 48 the
855 457 310 60 following
1200 462 217 58 report:

372 598 96 48 1st.
540 600 84 46 Be
663 600 46 46 it
745 600 276 49 resolved
1060 603 129 48 that
1225 604 99 48 the
1365 606 286 48 Alabama
1692 607 160 46 State
1893 606 216 48 Sacred
2146 607 159 57 Harp
2346 607 247 57 Musical
2631 607 105 57 As¬

252 676 277 49 sociation
561 676 60 49 in
651 676 118 49 this
801 678 100 48 the
933 679 132 48 59th
1095 681 223 49 session
1350 682 154 48 offer
1534 682 214 48 thanks
1780 682 58 48 to
1870 682 304 58 Almighty
2208 682 129 58 God
2367 684 91 57 for
2488 684 258 58 blessing

243 769 66 36 us
345 754 144 51 with
525 754 99 51 the
661 754 292 60 privilege
991 757 61 57 of
1089 759 261 57 meeting
1387 759 171 57 again
1596 760 57 55 to
1693 760 127 57 sing
1857 759 222 58 praises
2115 760 58 57 to
2212 760 105 57 His
2353 760 153 57 Holy
2544 762 201 55 Name,

243 832 111 49 and
382 831 126 51 that
540 846 90 36 we
661 844 147 45 pray
840 832 108 57 His
981 834 319 55 continued
1332 835 301 58 blessings,
1669 837 114 57 and
1815 835 285 58 guidance
2133 850 139 43 over
2304 849 106 45 our
2440 837 148 57 lives
2622 837 114 57 and

243 912 214 48 actions
493 909 93 51 for
621 909 100 51 the
757 909 235 58 coming
1027 924 157 43 year.

378 1054 126 48 2nd.
577 1054 82 48 Be
691 1054 46 48 it
766 1054 235 48 further
1032 1056 273 46 resolved
1335 1056 127 48 that
1491 1069 106 42 we,
1629 1056 97 55 the
1758 1056 241 60 visiting
2028 1057 292 58 members
2352 1057 61 58 of
2442 1057 115 58 this
2587 1057 156 58 body

249 1144 237 46 express
517 1144 108 46 our
658 1131 297 60 gratitude
988 1134 117 57 and
1134 1132 217 58 thanks
1381 1132 58 58 to
1473 1132 99 58 the
1602 1134 210 57 people
1845 1134 60 57 of
1935 1134 325 57 LaFayette
2295 1134 114 57 and
2440 1134 304 60 adjoining

255 1209 406 51 communities
699 1209 93 51 for
826 1209 156 51 their
1020 1209 360 58 hospitality,
1419 1212 115 55 and
1570 1209 273 58 splendid
1879 1224 130 43 way
2047 1210 60 57 in
2145 1210 199 58 caring
2379 1210 93 58 for
2506 1210 115 58 this
2659 1222 85 46 as¬

258 1287 279 51 sociation
570 1287 216 57 during
819 1300 108 43 our
960 1287 129 57 stay
1123 1287 145 57 with
1302 1287 177 57 them.

372 1431 117 49 3rd.
561 1432 82 48 Be
690 1431 46 49 it
780 1429 235 51 further
1062 1431 127 49 that
1236 1444 91 36 we
1374 1444 240 45 express
1662 1444 108 45 our
1816 1431 214 58 thanks
2077 1431 58 58 to
2185 1431 99 58 the
2334 1431 237 58 officers
2620 1431 114 58 and

265 1509 360 49 committees
670 1509 63 49 of
775 1509 118 49 this
940 1509 349 49 association
1335 1509 93 49 for
1473 1507 99 51 the
1618 1507 268 51 efficient
1929 1521 247 37 manner
2221 1509 61 49 of
2326 1507 283 58 handling
2652 1509 100 57 the

259 1587 261 49 business
550 1587 247 49 matters
828 1585 63 51 of
918 1585 118 51 this
1068 1585 364 51 association.
1464 1584 403 58 Respectfully
1900 1584 333 58 submitted,
2266 1585 120 57 Foy
2418 1584 331 58 Frederick,

243 1665 331 54 Chairman;
616 1662 184 57 Lonie
838 1663 205 55 Seller,
1084 1663 64 55 O.
1188 1663 81 55 W.
1306 1662 303 57 Williams,
1647 1662 67 57 A.
1753 1662 81 57 W.
1873 1662 226 57 Morris,
2139 1662 48 57 J.
2227 1662 58 57 E.
2325 1662 243 57 Tucker.

376 1827 255 48 Finance
664 1825 369 55 Committee,

253 1954 247 48 Balance
535 1954 177 48 From
751 1953 141 55 1956,
930 1953 238 55 Session
2532 1947 210 61 $276,28

258 2047 351 51 Collections
657 2047 117 51 and
819 2046 342 55 Donations,
1215 2046 124 55 1957
2602 2041 145 60 66.10

2569 2196 177 46 342.38

261 2281 294 58 Expenses
598 2280 124 60 1957
766 2277 238 63 Session
2605 2272 145 67 65.00

265 2436 250 48 Balance
558 2448 76 36 on
675 2434 175 49 Hand
2577 2425 178 58 277.38

252 2529 351 49 Collections
651 2527 115 51 and
811 2524 342 55 Donations,
1206 2524 127 55 1958
2595 2518 145 61 33.10

511 2683 169 46 Total
2533 2670 210 60 $310.48

393 2827 60 48 C.
501 2827 58 48 E.
610 2824 256 55 Calvert,
918 2821 334 58 Chairman,
1303 2820 58 60 T.
1413 2820 51 60 J.
1513 2818 270 61 Jackson,
1834 2815 186 64 Jessie
2071 2817 114 63 Lee
2235 2814 234 66 Bishop.
2520 2812 232 67 Maggie

256 2905 208 54 House,
499 2904 63 55 T.
600 2904 52 55 J.
691 2901 259 58 Shivers.

379 3031 283 57 Locating
709 3027 355 61 Committee
1108 3051 69 37 —
1221 3025 123 63 The
1386 3021 238 67 Annual
1672 3019 235 69 Session
1954 3019 93 69 for
2098 3019 123 69 1959
2271 3018 57 70 to
2377 3016 72 72 be
2497 3015 136 73 held
2683 3013 58 75 at

252 3108 256 49 Masonic
556 3106 139 51 Hall
742 3106 63 51 in
852 3103 216 54 Morris
1122 3102 324 55 (Jefferson
1494 3097 252 60 County)
1798 3096 300 61 Alabama,
2149 3094 141 63 July
2340 3094 78 63 25,
2469 3094 76 63 26,
2601 3093 139 64 1959.

250 3186 210 48 Morris
489 3186 49 49 is
570 3187 58 48 18
657 3183 172 52 miles
858 3181 177 54 north
1065 3180 61 55 of
1153 3175 423 60 Birmingham,
1608 3189 75 46 on
1711 3174 99 61 old
1839 3171 273 64 Cullman
2140 3171 289 64 Highway
2458 3171 60 64 31
2550 3166 189 69 north.

396 3313 279 48 Business
721 3307 226 54 session
993 3304 351 60 suspended.
1428 3300 237 64 Closing
1711 3309 142 55 song
1900 3298 78 66 by
2026 3295 306 69 President
2380 3295 117 69 Bill
2542 3295 216 69 Avery.

268 3393 219 55 Prayer
516 3391 79 57 by
627 3391 64 57 B.
721 3388 67 60 U.
820 3384 222 64 Futral.

1159 3508 174 48 BILL
1371 3505 271 54 AVERY,
1681 3501 307 58 President

1156 3604 127 46 Box
1320 3601 106 54 151,
1459 3597 223 58 Lanett,
1716 3595 127 60 Ala.

1173 3693 268 51 LEMON
1480 3690 291 55 BROWN,
1818 3687 81 58 1st
1936 3685 142 60 Vice
2118 3684 307 61 President

1179 3790 91 48 131
1305 3787 136 51 East
1473 3784 112 54 2nd
1617 3783 97 55 St.,
1749 3780 243 58 Oxford,
2023 3778 129 60 Ala.

1173 3885 67 48 G.
1281 3882 55 51 S.
1375 3879 208 55 DOSS,
1623 3877 112 57 2nd
1773 3874 141 60 Vice
1953 3871 307 63 President

1179 3976 127 49 1412
1341 4000 19 25 -
1395 3975 63 51 33
1492 3972 144 54 Ave.
1669 3969 85 57 N.,
1789 3964 418 61 Birmingham,
2242 3963 127 63 Ala.

1174 4072 78 46 M.
1288 4069 60 49 F.
1384 4063 487 55 McWHORTER,
1911 4057 654 61 Secretary-Treasurer

1179 4167 126 46 1415
1339 4189 19 24 -
1395 4162 64 51 24
1492 4159 81 54 St.
1608 4159 84 55 N.,
1726 4153 405 61 Birmingham
2164 4153 45 61 4,
2244 4150 126 64 Ala.

1167 4255 300 51 JEWELL
1504 4248 363 58 HULLETT,
1909 4246 153 60 Asst.
2106 4242 652 64 Secretary-Treasurer

1174 4351 96 49 916
1305 4348 259 52 Jackson
1597 4342 183 58 Blvd.,
1815 4339 264 61 Tarrant,
2115 4338 126 63 Ala.

1155 4447 64 46 B.
1254 4444 69 49 U.
1359 4438 315 57 FUTRAL,
1711 4432 289 63 Chaplain

1153 4536 343 51 Alexander
1530 4531 150 57 City,
1714 4528 286 60 Alabama
