3000 4800
262 205 66 46 92
505 205 393 57 ALABAMA,
946 208 355 55 GEORGIA,
1350 204 456 60 MISSISSIPPI,
1855 201 163 63 AND
2068 187 435 76 TENNESSEE

396 381 195 48 House
631 381 187 48 called
855 381 58 48 to
954 382 171 46 order
1161 382 79 55 by
1278 381 51 57 J.
1368 382 67 55 H.
1477 379 283 58 Gilliland
1797 375 232 63 singing
2070 372 117 66 410;
2229 367 271 70 Leaders,
2542 364 187 73 Grady

264 457 246 57 Harper,
541 457 217 57 Robert
789 457 282 57 Aldridge
1102 469 141 45 sang
1275 457 109 57 378,
1417 457 112 57 373,
1561 456 61 58 in
1653 466 264 48 memory
1948 451 63 63 of
2041 448 178 66 Elder
2248 445 52 69 J.
2334 444 70 70 H.
2436 441 291 73 Gilliland;

259 534 256 46 Emmett
543 534 265 55 Bennett,
840 534 66 55 D.
936 534 67 55 A.
1035 534 193 55 Davis,
1258 532 193 57 Annie
1482 534 243 55 Harper,
1753 531 144 58 Tom
1926 529 246 60 Harper,
2205 522 132 67 Bud
2365 520 154 69 May,
2550 520 174 69 Rufus

258 610 220 55 Norris,
513 610 129 55 Van
676 609 154 57 Cole.
900 610 304 55 Everyone
1240 609 223 57 invited
1500 609 147 57 back
1683 621 108 45 one
1825 618 142 48 year
2002 604 156 61 from
2194 598 193 67 today.
2457 598 264 67 Benedic¬

259 687 127 46 tion
417 687 76 55 by
526 687 130 55 Bro.
690 687 228 55 Wesley
949 685 240 57 Harbin.

1153 778 132 48 SIM
1321 777 463 55 WAKEFIELD,
1824 774 319 58 Chairman

1155 871 264 48 GRADY
1455 870 319 55 HARPER,
1810 868 142 57 Vice
1990 865 322 60 Chairman

1153 964 198 46 JUDY
1383 963 337 48 ADALINE
1755 961 223 55 HUNT,
2013 958 310 58 Secretary

1468 1119 63 61 ★

291 1287 171 75 Nix
513 1282 460 79 Memorial
1030 1282 363 100 Singing
1444 1279 111 103 At
1608 1281 300 102 Logan
1962 1279 336 103 Baptist
2353 1276 337 106 Church

1188 1422 345 58 September
1569 1422 78 58 21,
1689 1422 123 58 1958

394 1539 193 45 House
630 1536 186 49 called
852 1536 58 49 to
951 1534 171 51 order
1159 1536 78 55 by
1275 1533 97 58 the
1414 1533 330 58 Chairman,
1785 1531 199 60 Dallas
2023 1530 132 61 Nix.
2230 1530 219 61 Prayer
2487 1530 76 61 by
2601 1530 117 61 Bro.

259 1615 133 46 Nix.
429 1614 213 48 Moved
679 1614 111 48 and
826 1614 211 48 second
1072 1612 57 49 to
1167 1611 187 51 retain
1393 1609 96 52 the
1527 1623 156 39 same
1720 1608 253 54 officers.
2011 1608 214 54 Moved
2265 1606 240 55 carried.
2539 1608 181 54 Dallas

268 1692 129 54 Nix,
438 1690 333 55 Chairman;
811 1690 63 55 O.
913 1690 67 55 H.
1018 1689 285 57 Handley,
1341 1687 141 58 Vice
1521 1686 334 60 Chairman;
1899 1684 115 61 and
2052 1684 60 61 C.
2149 1684 60 61 E.
2250 1683 250 63 Calvert,
2539 1683 180 63 Secre¬

261 1768 147 55 tary.
484 1765 331 58 Arranging
861 1765 363 58 Committee,
1272 1764 136 60 Otto
1453 1762 205 61 Allred
1705 1762 114 61 and
1866 1761 235 63 Charlie
2146 1761 193 63 Kilgo.
2421 1761 297 63 Chairman

265 1854 141 46 sang
438 1845 78 55 36,
550 1843 75 57 72.
693 1842 153 58 First
876 1842 213 58 leader,
1122 1840 223 60 Arthur
1378 1839 304 61 Grimmitt
1717 1840 106 60 123,
1857 1840 111 60 335,
2004 1840 115 60 290;
2155 1839 138 61 Mrs.
2328 1837 261 63 Johnson
2616 1839 100 61 460,

262 1921 114 54 354,
415 1921 81 54 30;
535 1920 51 55 J.
624 1920 66 55 D.
729 1917 342 58 Livingston
1108 1918 109 57 300,
1258 1918 111 57 442,
1413 1917 111 58 196;
1566 1917 108 58 Mr.
1713 1915 235 60 Walker
1990 1915 106 60 168,
2143 1915 111 60 170;
2298 1914 60 61 C.
2398 1915 58 60 E.
2500 1915 219 60 Calvert

271 1996 132 55 138t,
441 1996 150 55 138b;
627 1995 217 57 Walter
876 1995 294 57 Chandler
1201 1995 109 57 213,
1345 1995 109 57 318,
1494 1993 106 58 137.

397 2091 139 45 Rest
571 2089 57 46 10
660 2086 271 49 Minutes.

397 2181 202 48 Called
630 2182 58 46 to
721 2182 172 46 order
924 2181 76 55 by
1035 2181 315 55 Chairman
1383 2178 231 60 singing
1645 2181 81 57 34;
1765 2179 180 58 Oscar
1980 2179 145 58 Cain
2161 2181 106 57 145,
2305 2179 106 58 172,
2446 2179 112 58 434;
2592 2179 124 58 Mrs.

265 2257 190 48 Willie
490 2257 352 48 Blackwood
874 2259 111 54 336,
1020 2257 114 57 396;
1171 2257 105 57 Joe
1311 2256 243 58 Hudson
1593 2257 105 57 128,
1737 2256 108 58 177,
1879 2257 117 57 425;
2032 2256 139 58 Mrs.
2206 2256 102 58 Ida
2341 2256 283 58 McGraw,
2659 2256 57 58 O.

267 2335 70 45 H.
370 2334 282 55 Handley,
685 2334 135 55 Mrs.
855 2334 130 55 Etta
1017 2332 337 57 McDowell,
1392 2332 232 57 Charlie
1659 2332 190 57 Kilgo,
1887 2332 136 57 Otto
2058 2332 222 57 Allred.

394 2428 123 46 One
547 2425 148 49 hour
724 2427 90 48 for
844 2425 192 49 lunch.

400 2518 199 48 Called
633 2520 57 46 to
724 2518 169 48 order
924 2518 78 55 by
1033 2518 139 55 Vice
1209 2518 313 55 Chairman
1555 2518 231 57 singing
1819 2520 81 55 87;
1936 2518 312 57 Memorial
2278 2518 207 57 lesson.
2551 2518 166 57 Lead¬

261 2607 94 34 ers
400 2607 151 34 were
600 2595 196 46 Elbert
840 2593 189 57 Kilgo,
1077 2595 112 55 Lee
1237 2595 189 55 Wells,
1476 2593 217 57 Walter
1741 2595 310 57 Chandler,
2098 2596 138 55 Otto
2283 2596 220 55 Allred,
2553 2598 61 54 O.
2658 2596 61 55 H.

268 2671 283 54 Handley,
586 2670 234 55 Charlie
852 2670 189 57 Kilgo.
1110 2671 208 55 Closed
1351 2671 96 55 the
1480 2671 307 55 memorial
1818 2671 210 55 lesson.
2095 2674 268 55 Leaders,
2398 2674 61 55 L.
2493 2674 45 55 L
2572 2671 148 58 .Wel-

270 2745 163 48 born.

403 2838 138 48 Rest
576 2839 58 46 10
666 2838 268 48 Minutes.

400 2931 201 48 Called
636 2934 58 45 to
732 2931 169 48 order
936 2931 78 55 by
1051 2932 313 54 Chairman
1401 2932 229 58 singing
1668 2935 114 55 358;
1822 2935 268 57 Leaders,
2130 2937 193 55 Willie
2362 2935 357 57 Blackwood;

267 3006 144 48 Miss
445 3007 138 46 Lela
619 3006 219 57 Crider,
874 3007 114 55 Lee
1023 3007 190 55 Wells,
1251 3009 136 54 Mrs.
1425 3009 216 54 Mamie
1675 3010 193 57 Jones,
1906 3012 144 55 Miss
2086 3013 199 54 Mabel
2322 3013 312 57 Grimmitt,
2667 3013 55 57 L.

271 3082 60 46 E.
373 3082 274 55 Johnson,
691 3084 136 54 Mrs.
871 3082 247 57 Walker,
1164 3084 138 55 Mrs.
1347 3087 64 52 O.
1456 3087 69 52 H.
1570 3087 283 57 Handley,
1902 3088 138 55 Mrs.
2086 3090 205 54 Emma
2337 3091 213 57 Pirkle,
2595 3090 130 58 Miss

271 3159 207 46 Ludell
511 3159 313 55 Grimmitt,
859 3160 63 54 O.
957 3162 67 52 H.
1059 3160 268 57 Handley
1360 3162 229 58 singing
1623 3163 61 57 62
1717 3163 93 57 for
1843 3165 99 55 the
1977 3166 223 58 closing
2233 3178 159 48 song.
2460 3165 264 61 Benedic¬

271 3234 123 46 tion
424 3235 76 55 by
531 3235 60 55 L.
622 3235 60 55 L.
715 3235 286 55 Welborn.
1068 3237 118 54 The
1218 3238 142 52 next
1392 3238 219 52 session
1642 3240 126 51 will
1798 3241 72 49 be
1903 3241 99 49 the
2035 3243 160 49 third
2230 3244 240 57 Sunday
2503 3246 60 55 in
2595 3244 130 58 Sep¬

265 3310 228 46 tember
528 3312 138 46 1959.

1156 3408 298 48 DALLAS
1489 3409 151 55 NIX,
1677 3409 319 55 Chairman

1158 3501 64 46 O.
1255 3502 67 45 H.
1356 3501 379 58 HANDLEY,
1767 3504 142 55 Vice
1941 3507 319 52 Chairman

1158 3594 60 46 C.
1254 3595 58 46 E.
1350 3595 360 57 CALVERT,
1747 3598 309 58 Secretary

1464 3751 64 61 ★

705 3907 339 79 Second
1086 3910 276 78 Creek
1404 3915 490 79 Tennessee
1941 3918 367 106 Singing

1197 4054 343 57 September
1569 4059 78 54 21,
1680 4059 124 54 1958

402 4158 193 48 House
628 4159 184 46 called
844 4161 57 46 to
934 4162 171 48 order
1135 4164 78 57 by
1242 4165 79 55 M.
1353 4167 60 54 L.
1446 4167 264 54 Jenkins.
1776 4171 222 57 Prayer
2028 4173 79 55 by
2140 4174 157 54 Odas
2329 4176 115 52 Lee
2478 4176 258 52 Newton.

267 4233 123 48 The
426 4234 300 58 following
765 4237 235 55 officers
1038 4254 154 39 were
1231 4243 223 49 elected
1495 4245 114 48 and
1647 4248 330 57 appointed,
2017 4249 78 55 M.
2136 4251 61 54 L.
2236 4252 267 57 Jenkins,
2544 4252 193 57 Chair¬

268 4323 154 43 man;
462 4311 157 55 Odus
652 4312 114 54 Lee
801 4314 261 58 Newton,
1095 4317 141 55 Vice
1269 4320 336 58 Chairman;
1642 4324 115 54 and
1791 4324 205 54 Arline
2031 4327 175 57 Ezell,
2242 4329 327 60 Secretary.
2635 4330 103 58 Ar¬

270 4386 247 57 ranging
553 4387 360 60 Committee,
952 4392 153 55 Odas
1143 4395 114 52 Lee
1293 4396 264 57 Newton,
1599 4401 112 52 and
1749 4401 138 52 Geo.
1927 4402 78 51 M.
2043 4404 246 49 Mattox.
2359 4408 271 58 Leaders,
2667 4407 73 60 M.

268 4462 61 48 L.
364 4464 261 57 Jenkins,
660 4465 138 55 Geo.
831 4467 76 54 M.
940 4468 241 58 Mattox,
1219 4473 159 54 Odus
1411 4474 115 52 Lee
1560 4476 265 51 Newton.

403 4560 124 48 One
558 4560 148 48 hour
736 4561 91 48 for
856 4563 193 51 lunch.
