3150 4950
157 210 241 66 wisdom
448 210 127 66 has
622 216 211 63 called
882 222 159 61 from
1090 241 115 45 our
1251 229 187 60 midst
1482 232 111 58 the
1636 232 312 76 following
2037 232 249 76 Sacred
2337 232 169 76 Harp
2550 232 258 76 singers
2856 234 127 75 and

160 315 184 61 lovers
387 307 67 69 of
496 309 253 67 Sacred
799 316 172 81 Harp
1015 321 225 76 Music.
1326 325 135 72 The
1504 328 342 69 deceased
1890 345 192 52 were:
2128 328 216 76 Grady
2386 330 342 75 Chandler,
2779 330 204 75 Harlie

162 408 253 72 Guthrie,
462 408 265 81 Johnny
775 415 376 78 Galbreath,
1204 423 181 76 Ruby
1434 424 276 75 Conwill,
1762 426 240 73 Blanch
2052 426 202 76 Lyles,
2307 426 237 76 Lonnie
2593 427 207 76 Berry,
2850 427 136 76 Asa

165 510 198 72 Smith,
429 508 243 73 Marvin
738 513 291 82 Hopper,
1092 520 172 75 Vera
1324 522 210 73 Nunn,
1600 523 264 78 Maggie
1927 525 232 76 Parris,
2226 525 204 76 Hazel
2494 525 217 76 Moon,
2775 526 208 75 Annie

168 613 237 76 Harper,
472 609 246 81 Bessie
783 613 247 76 Crider,
1095 619 210 70 Violet
1368 621 255 72 Hinton,
1690 622 232 70 Luther
1984 624 433 70 McClendon,
2487 624 192 70 Elder
2737 625 253 69 Clinton

168 711 264 69 Gilmore,
478 708 180 72 Delia
700 711 325 81 Stallings,
1074 717 148 75 Lola
1260 718 321 73 Woodard
1624 720 127 72 and
1798 720 243 72 Emmitt
2082 721 297 70 Stricklin.
2428 721 285 70 Leaders
2754 723 94 69 for
2884 723 108 69 the

171 807 315 67 memorial:
535 807 274 67 Preston
859 811 238 73 Crider,
1149 816 103 70 77,
1299 817 151 69 373.
1540 816 351 70 Willodean
1939 817 232 69 Barton
2220 819 99 67 led
2367 822 117 64 421
2542 820 129 66 and
2716 822 132 64 373
2893 820 94 66 for

171 912 87 61 the
303 906 310 79 following
666 907 141 78 sick
859 910 129 75 and
1042 912 306 73 shut-ins.
1404 913 195 72 Willie
1650 915 129 70 and
1836 916 141 69 Etta
2028 916 129 69 Bell
2212 918 409 70 Blackwood,
2680 918 312 70 Florence

174 1006 430 73 Drummonds,
675 1006 177 73 Nora
913 1009 133 70 and
1110 1011 244 69 Walter
1417 1012 259 73 Parker,
1747 1014 289 72 Priscilla
2100 1015 325 73 Childers,
2493 1017 247 72 Gilbert
2805 1017 183 72 Hale,

172 1108 303 64 Willodine
544 1107 238 73 Butler,
849 1108 207 72 Trixie
1122 1111 351 73 Vandiver,
1542 1114 283 70 Claudia
1890 1116 348 72 Freeman,
2307 1116 171 76 Cary
2542 1117 132 75 and
2743 1117 249 76 Kinney

175 1212 241 67 Graves,
469 1207 207 72 Mavis
726 1207 202 73 Price,
982 1209 271 72 Monroe
1305 1212 328 73 Edwards,
1684 1213 183 76 Andy
1918 1215 309 75 Edwards
2274 1216 130 73 and
2454 1216 247 75 Gladys
2752 1216 228 75 Dollar.

177 1311 111 60 Rev
322 1306 258 64 Jerome
625 1308 175 76 Kilgo
840 1308 231 76 closed
1114 1309 109 75 the
1267 1311 324 73 memorial
1638 1312 223 72 lesson
1903 1314 138 70 with
2086 1330 243 60 prayer.

178 1405 358 63 DISMISSED
561 1405 151 63 FOR
735 1405 265 63 LUNCH.

358 1504 132 60 The
537 1504 184 60 class
772 1506 460 61 reassembled
1326 1507 97 60 for
1467 1509 111 60 the
1626 1509 340 61 afternoon
2016 1510 270 60 session
2334 1510 142 60 with
2524 1510 174 60 Alvin
2751 1512 237 58 Parker

178 1603 222 76 leading
448 1618 168 61 song
667 1618 84 61 on
802 1618 177 63 page
1026 1606 132 75 457
1206 1605 94 76 for
1347 1606 108 75 the
1503 1606 162 75 Odis
1716 1608 240 73 Mattox
2001 1608 231 75 family.
2286 1608 310 75 Leaders:
2646 1609 136 73 Ann
2829 1609 151 73 Jett,

177 1704 85 69 48,
310 1702 102 70 42;
465 1701 196 72 Marie
715 1701 286 72 Guthrie,
1054 1702 138 70 The
1248 1704 313 69 Beautiful
1617 1705 193 72 Land,
1866 1708 150 69 411.
2073 1707 279 70 Charles
2403 1707 211 70 Creel,
2668 1708 151 70 569,
2872 1708 108 70 49,

178 1803 90 69 45;
330 1800 229 72 Arnold
633 1800 261 72 Chafin,
967 1803 156 70 275,
1195 1804 156 69 417,
1425 1806 157 69 416;
1657 1804 241 70 Bertha
1969 1804 301 72 Henson,
2343 1807 154 69 322,
2572 1807 156 69 565;
2800 1806 181 70 Cecil

180 1899 282 70 Sanders,
511 1900 151 70 283,
714 1902 154 69 282;
921 1900 159 70 Unie
1132 1900 64 70 B.
1254 1902 292 72 Howard,
1597 1905 151 69 400,
1800 1905 153 70 384;
2005 1903 150 72 Edis
2205 1903 283 72 Guthrie,
2539 1906 105 69 29,
2701 1905 147 70 172;
2902 1903 76 72 M.

181 1998 55 60 H.
280 1998 195 70 Creel,
523 1999 151 70 317,
727 2001 150 69 512;
931 1999 142 75 Billy
1122 1999 321 75 Williams,
1492 2004 151 70 299;
1692 2001 169 73 John
1915 2002 363 72 Roberson,
2326 2004 151 70 354.
2529 2002 171 72 Alvin
2751 2002 235 72 Parker

181 2095 79 61 led
292 2112 156 63 song
484 2113 81 61 on
603 2113 172 61 page
813 2100 82 75 62
933 2115 79 60 as
1047 2098 108 76 the
1188 2098 244 79 closing
1470 2115 186 63 song.
1699 2100 69 78 H.
1809 2100 78 78 M.
1927 2100 183 78 Creel
2148 2100 348 78 dismissed
2532 2100 138 78 with
2706 2116 240 61 prayer.

181 2196 336 72 Chairman,
579 2197 174 70 Alvin
870 2197 259 72 Parker;
1191 2199 156 70 Vice
1407 2199 373 72 Chairman,
1845 2200 174 70 Leon
2082 2200 202 70 Price.
2347 2200 372 75 Secretary,
2784 2199 198 76 Marie

183 2295 255 60 Guthrie.

1066 2400 331 81 LABOR
1434 2403 198 78 DAY
1662 2401 409 81 SINGING

1201 2526 234 61 Shoals
1462 2527 202 60 Creek
1692 2527 244 60 Church

1239 2628 381 76 September
1642 2629 256 75 4,1989

313 2722 123 60 The
474 2725 231 58 annual
745 2724 201 61 Labor
982 2725 135 75 Day
1155 2725 259 78 Singing
1455 2725 142 78 held
1636 2731 61 72 at
1732 2725 108 78 the
1876 2725 118 78 Old
2035 2724 123 79 Log
2197 2724 271 79 Church,
2511 2724 54 79 in
2602 2724 105 79 the
2745 2724 238 79 Shoals

183 2818 181 63 Creek
409 2821 441 73 Reservation,
904 2823 177 72 north
1131 2824 67 70 of
1243 2823 220 72 Helfin,
1515 2824 333 70 Alabama,
1897 2839 141 55 was
2083 2823 207 72 called
2340 2827 61 67 to
2449 2821 189 73 order
2680 2821 81 75 by
2809 2821 172 75 Cecil

184 2914 276 64 Edwards
513 2920 256 78 leading
822 2937 171 61 song
1048 2937 84 61 on
1186 2937 178 61 page
1422 2923 144 75 124.
1671 2922 276 76 Preston
2002 2920 222 78 Crider
2275 2920 100 78 led
2430 2922 84 76 32
2616 2919 126 79 and
2799 2919 189 79 Elder

184 3013 273 64 Marshall
519 3019 210 76 Avery
793 3019 102 76 led
961 3021 109 75 the
1137 3021 294 76 morning
1497 3036 252 61 prayer.
1813 3019 138 78 The
2014 3019 187 78 class
2263 3018 157 79 then
2485 3016 361 81 organized
2911 3016 79 81 by

181 3112 240 82 electing
468 3117 106 78 the
619 3118 313 78 following
982 3118 279 78 officers:
1312 3118 363 78 Chairman,
1729 3118 208 78 Henry
1987 3118 166 78 Kerr;
2202 3117 151 79 Vice
2401 3115 364 81 Chairman,
2817 3115 174 81 Cecil

184 3210 294 78 Edwards;
528 3216 366 78 Secretary,
948 3217 172 76 Mary
1173 3217 61 76 F.
1290 3217 223 76 Smith;
1561 3217 351 78 Arranging
1963 3216 406 79 Committee,
2425 3214 237 81 Lonnie
2716 3214 273 81 Rogers,

184 3309 202 66 Hester
432 3315 304 63 Edwards
786 3316 127 61 and
958 3318 232 75 Jimmy
1239 3316 291 76 Causey.
1579 3316 175 76 Cecil
1806 3316 307 76 Edwards
2163 3315 100 78 led
2313 3331 168 61 song
2532 3330 81 63 on
2664 3330 175 63 page
2884 3315 105 78 42.

184 3406 253 69 Leaders
483 3430 172 45 were
705 3415 232 61 called:
990 3415 219 78 Phillip
1258 3415 297 78 Langley,
1609 3417 105 76 59;
1770 3415 64 78 E.
1890 3415 70 78 C.
2016 3414 259 79 Bowen,
2329 3415 150 78 517,
2533 3415 153 78 532;
2737 3411 246 82 Buelah

186 3505 213 78 Reese,
456 3516 150 70 358,
670 3517 148 69 100;
873 3514 237 75 Jimmy
1168 3513 453 76 Denney,147,
1678 3514 154 75 335;
1888 3513 187 76 Vena
2131 3513 244 76 Holley,
2434 3514 106 75 67,
2598 3513 109 76 27;
2766 3510 228 79 Randy

184 3604 268 84 Langley,
517 3616 154 72 401;
736 3613 166 75 Dula
961 3612 232 76 Webb,
1258 3613 153 75 460,
1474 3610 199 78 569b;
1738 3610 67 78 B.
1867 3612 57 76 J.
1992 3612 238 76 Harris,
2292 3610 201 78 452b,
2559 3610 201 78 445b;
2820 3609 171 79 Aver

183 3705 208 78 Crider,
450 3714 151 70 234,
663 3715 109 69 48.

183 3802 264 69 RECESS.

307 3907 124 63 The
465 3912 178 61 class
682 3909 303 64 resumed
1024 3906 247 78 singing
1306 3904 138 79 with
1483 3903 168 81 Cecil
1692 3904 301 79 Edwards
2029 3906 247 78 leading
2314 3922 166 61 song
2520 3922 81 61 on
2637 3922 171 61 page
2847 3906 144 78 68b.

181 4000 283 70 Leaders:
535 4011 208 61 Lewis
813 4009 268 67 Norton,
1149 4003 204 73 323b,
1419 4003 135 73 318
1621 4002 57 75 in
1746 4018 291 60 memory
2103 4005 66 73 of
2233 4005 129 73 Lee
2425 4005 243 73 Jones;
2740 4005 246 73 Estelle

180 4101 265 82 Flowers,
504 4113 103 70 60,
664 4111 109 72 56;
829 4107 274 76 Shelton
1155 4101 415 82 Williamson,
1632 4102 144 81 155,
1836 4102 147 81 189;
2038 4102 159 81 Eula
2242 4104 328 79 Johnson,
2623 4107 153 76 300,
2832 4105 153 78 340;

180 4200 268 72 Marshall
499 4212 228 75 Avery,
781 4212 108 75 85,
945 4207 108 79 53;
1108 4200 304 87 Deborah
1470 4198 298 88 Langley,
1821 4201 150 85 224,
2026 4203 151 84 480;
2232 4203 252 84 Harvey
2533 4204 243 82 Austin,
2838 4206 145 81 108,

180 4303 123 75 109;
355 4309 244 69 Bonnie
657 4309 306 69 Flowers,
1018 4302 199 76 362b,
1279 4300 147 78 107;
1485 4296 160 82 Hoyt
1698 4296 303 82 Renfroe,
2056 4300 150 78 39b,
2262 4303 153 75 512;
2472 4302 142 76 Lois
2668 4302 315 76 Stanson,

174 4401 126 76 298,
351 4411 153 69 490;
561 4410 226 70 Felton
844 4404 297 76 Denney,
1197 4396 181 84 489b
1431 4395 55 85 in
1543 4408 285 72 memory
1881 4393 64 87 of
1998 4395 249 85 Harvey
2302 4398 295 82 Denney,
2658 4401 148 79 120;
2859 4399 127 81 Jan

175 4497 213 82 House,
436 4510 106 70 84,
597 4507 147 73 143;
793 4503 249 78 Forney
1089 4494 205 87 Cobb,
1342 4494 148 87 340,
1539 4492 148 88 204.

174 4596 367 73 DISMISSED
565 4605 156 64 FOR
744 4597 267 72 LUNCH.

1521 4689 120 58 137
