3150 4950
1216 154 343 72 SUNDAY,
1582 153 205 73 JUNE
1816 156 69 70 11

331 250 102 60 On
483 249 276 78 Sunday
808 252 289 78 morning
1147 253 109 76 the
1303 253 184 76 class
1531 268 142 61 was
1717 250 210 79 called
1974 249 303 81 together
2322 247 81 82 by
2451 246 220 84 Calvin
2724 243 255 87 Phillips

136 351 241 76 leading
415 364 171 63 song
625 366 85 61 on
750 366 175 63 page
963 354 105 75 31.
1107 352 138 76 The
1282 351 283 78 morning
1603 366 228 63 prayer
1861 366 142 63 was
2040 348 102 81 led
2181 348 81 81 by
2299 348 154 81 Rev.
2496 345 174 84 Otha
2706 342 270 87 Phillips.

138 450 205 64 Calvin
382 448 250 78 Phillips
669 448 153 78 then
862 450 99 76 led
1000 466 166 61 song
1206 466 84 61 on
1329 465 171 63 page
1536 451 103 76 30.
1683 448 301 79 Leaders:
2025 445 159 82 Roie
2220 444 360 84 Alexander
2614 441 126 87 and
2775 439 202 88 Jewel

138 550 310 67 Wootten,
511 549 150 69 171,
718 549 156 69 371;
930 549 189 73 Terry
1177 547 247 75 Hullett,
1482 549 108 73 81,
1651 549 150 73 144;
1858 544 252 78 Martha
2161 541 349 81 Woodard,
2568 541 153 81 274,
2778 537 201 85 274b;

142 649 156 75 Hoyt
349 645 310 79 Renfroe,
717 648 156 76 400,
931 648 156 76 403;
1143 645 210 79 Alpha
1407 645 217 79 Black,
1678 646 156 78 314,
1893 645 154 79 454;
2106 642 163 82 Pete
2326 639 273 85 Hames,
2659 639 106 85 68,
2823 637 157 87 569;

145 747 184 64 Leola
384 744 226 72 Smith,
670 747 153 69 340,
882 747 157 69 318;
1101 744 171 72 Nora
1327 744 252 72 Collett,
1644 744 147 72 170,
1848 744 156 72 383;
2064 741 321 75 Freeman
2440 738 324 78 Wootten,
2824 736 154 79 282,

145 850 99 69 89;
295 846 265 73 Lurlene
612 844 234 75 Heath,
901 846 147 73 146,
1101 846 156 73 384;
1308 843 213 76 Milton
1569 843 231 76 Oliver,
1852 843 151 76 405,
2056 841 153 78 206.

150 946 285 64 RECESS.

355 1047 225 60 Jethro
631 1045 234 61 Collett
913 1044 277 79 brought
1237 1044 109 79 the
1396 1044 184 79 class
1629 1042 303 81 together
1980 1041 256 82 leading
2289 1054 169 69 song
2512 1053 84 70 on
2649 1053 175 70 page
2874 1036 106 87 37.

153 1147 292 63 Leaders:
492 1144 202 79 Ralph
741 1144 228 79 Heath,
1017 1146 148 78 200,
1212 1146 151 78 236;
1404 1143 171 81 John
1621 1141 313 82 Ethridge,
1980 1143 151 81 448,
2176 1141 105 82 47;
2331 1137 318 87 Daphene
2692 1135 288 88 Causey,

151 1249 145 70 426,
361 1248 156 72 436;
646 1245 223 75 Linton
940 1243 511 78 Ballinger,402,
1527 1245 151 76 186;
1749 1242 249 79 Barrett
2059 1239 271 82 Ashley,
2403 1239 150 82 108,
2623 1237 156 84 343;
2851 1233 132 88 Phil

153 1345 405 72 Summerlin,
633 1347 153 70 145,
855 1347 114 70 58;
1039 1344 360 73 Lawrence
1465 1342 247 75 Green,
1783 1342 156 75 425,
2008 1341 160 76 414;
2239 1338 157 79 Kyle
2466 1335 334 82 Blakeley,
2874 1335 111 82 76;

151 1446 324 63 Jonathan
535 1444 333 75 Blakeley,
928 1446 109 73 56;
1099 1443 214 76 Henry
1371 1443 312 76 Guthery,
1743 1443 153 76 558;
1954 1438 276 81 Woodie
2287 1437 274 82 Walker,
2628 1437 148 82 138,
2838 1434 154 85 208;

157 1546 175 61 Chita
381 1543 321 76 Blakeley,
753 1545 153 75 304;
958 1542 244 78 Dwight
1252 1542 276 78 Phillips,
1576 1543 108 76 45,
1735 1542 103 78 49.

159 1644 285 61 RECESS.

280 1743 130 60 The
448 1741 178 61 class
669 1740 303 63 resumed
1012 1740 249 78 singing
1299 1738 141 79 with
1479 1738 261 79 Waylon
1780 1737 297 81 Blakeley
2118 1734 249 84 leading
2407 1749 166 69 song
2614 1747 84 70 on
2739 1744 171 73 page
2952 1729 36 88 ?

160 1842 310 61 Leaders:
595 1840 259 73 Jeffery
921 1840 334 73 Wootten,
1324 1840 157 73 445,
1551 1839 162 75 441;
1782 1836 250 78 Margie
2101 1834 193 79 Lacy,
2365 1834 109 79 53,
2551 1833 154 81 103;
2770 1830 220 84 Joyce

159 1941 265 69 Walton,
490 1941 156 69 205,
712 1941 156 69 213.
994 1938 51 72 A
1110 1936 336 73 memorial
1515 1936 232 73 lesson
1810 1950 145 60 was
2022 1932 147 78 held
2236 1936 66 73 at
2364 1930 129 79 this
2554 1929 175 81 time.
2796 1926 193 84 Terry

160 2038 301 70 Wootten,
505 2037 189 75 Terry
736 2035 226 76 Hullett
1005 2035 124 76 and
1173 2034 175 78 Virgil
1396 2034 250 78 Phillips
1689 2032 100 79 led
1830 2034 130 78 345
2004 2029 126 82 and
2172 2031 87 81 30
2301 2029 54 82 in
2401 2041 282 70 memory
2725 2025 66 87 of
2826 2023 171 88 John

163 2136 366 70 Galbreath,
592 2136 183 70 Elma
834 2134 333 72 Kitchens,
1230 2133 175 73 Alice
1461 2131 300 75 Whitten,
1822 2128 184 78 Ruby
2064 2125 283 81 Conwill,
2409 2124 205 82 Addie
2674 2121 321 85 Sanders,

165 2235 174 61 Mack
375 2235 313 70 Wootten,
736 2233 181 76 Lloyd
964 2232 316 78 Brothers,
1324 2232 76 78 O.
1446 2230 69 79 D.
1558 2229 225 81 Oliver,
1830 2227 201 82 Ralph
2070 2226 262 84 Adams,
2374 2223 274 87 Ophelia
2688 2221 307 88 Shavers,

165 2335 195 60 Laura
417 2335 292 60 Reeves.
822 2332 186 78 Virgil
1069 2331 261 79 Phillips
1387 2329 132 81 and
1572 2328 231 82 Jethro
1860 2326 235 84 Collett
2152 2325 103 85 led
2311 2325 133 85 235
2502 2322 132 88 and
2697 2322 127 88 146
2934 2319 57 91 in

168 2449 271 61 memory
489 2433 64 78 of
601 2433 103 78 Bill
754 2431 309 79 Watkins;
1117 2430 199 81 David
1372 2430 139 81 Ivey
1564 2427 99 84 led
1711 2428 73 82 31
1846 2425 93 85 for
1983 2425 111 85 the
2142 2422 136 88 sick
2326 2421 126 90 and
2503 2418 304 93 shut-ins.
2857 2416 135 94 The

168 2533 310 60 memorial
526 2533 226 60 lesson
798 2530 229 63 closed
1071 2530 141 63 with
1258 2544 226 63 prayer
1527 2527 82 79 by
1653 2526 126 81 Phil
1825 2523 399 84 Summerlin.

169 2632 381 58 DISMISSED
574 2631 153 60 FOR
750 2629 265 61 LUNCH.

313 2730 130 60 The
481 2731 333 58 afternoon
850 2728 268 61 session
1161 2725 298 64 resumed
1495 2724 138 66 with
1672 2721 214 69 Calvin
1927 2719 246 76 Phillips
2212 2716 249 79 leading
2499 2730 166 66 song
2704 2728 81 67 on
2824 2727 169 69 page

166 2830 97 58 68.
310 2829 307 60 Leaders:
667 2826 270 63 Randall
984 2824 223 70 Smith,
1258 2823 129 72 and
1432 2821 177 76 Virgil
1657 2820 271 78 Phillips,
1984 2818 142 79 137,
2182 2817 147 81 189;
2376 2812 184 85 Noah
2610 2812 184 85 Lacy,
2839 2812 153 85 455,

166 2929 142 70 473;
360 2928 196 72 David
610 2928 162 75 Ivey,
822 2926 153 76 227;
1023 2925 187 78 Terry
1255 2922 319 81 Wootten,
1630 2920 147 82 160;
1827 2916 196 87 Philip
2070 2914 126 88 and
2247 2911 201 91 Paula
2494 2911 298 91 Gilmore,
2842 2910 150 93 270,

168 3028 151 70 467;
394 3027 184 72 Buell
654 3025 220 73 Cobb,
951 3025 162 73 321;
1192 3021 144 78 Bob
1408 3018 321 81 Watkins,
1809 3018 109 81 64;
1998 3013 162 85 Fred
2241 3010 277 88 Battles,
2598 3010 109 88 82;
2788 3006 208 93 Doyle

168 3124 427 72 Aleaxander,
661 3127 108 69 45,
841 3124 150 72 101;
1059 3120 201 76 Linda
1317 3118 313 78 Thomas,
1698 3115 154 81 "Not
1912 3112 198 84 Made
2170 3109 160 87 With
2397 3108 283 88 Hands";
2745 3105 252 91 Gladys

168 3223 349 73 Adamson,
580 3226 148 70 100,
793 3223 150 73 176;
1003 3220 211 76 Herby
1273 3217 238 79 Bailey,
1569 3216 154 81 489;
1782 3213 268 84 Herbert
2107 3208 276 88 Phillips,
2440 3208 106 88 39,
2610 3207 150 90 163;
2818 3204 180 93 Betty

168 3322 130 60 Sue
342 3322 330 70 Johnson,
721 3322 156 70 406;
931 3318 187 75 Pearl
1167 3315 376 78 Galbreath,
1594 3315 153 78 400;
1801 3310 187 82 Edler
2037 3309 141 84 Dee
2230 3304 273 88 Phillips,
2556 3306 151 87 290,
2763 3303 235 90 "Jesus

172 3420 153 61 Died
390 3421 96 60 for
550 3421 147 70 Me';
763 3418 244 73 Walter
1072 3415 283 76 Phillips,
1425 3415 106 76 75;
1600 3411 138 81 Rev
1800 3408 235 84 Jimmy
2098 3402 432 90 Wadsworth,
2598 3402 157 90 218;
2823 3399 184 93 Ruby

174 3519 271 78 Phillips,
510 3522 159 75 345;
733 3517 228 79 Calvin
1027 3514 285 82 Phillips,
1378 3513 108 84 63,
1546 3510 154 87 294.
1821 3505 88 91 All
1972 3505 109 91 the
2145 3502 270 94 officers
2478 3499 129 97 and
2674 3498 327 99 ministers

172 3627 252 69 present
463 3619 99 76 led
603 3634 213 61 songs
855 3633 82 63 on
978 3630 214 66 pages
1233 3613 82 82 62
1354 3610 127 85 and
1525 3610 123 85 146
1687 3606 126 90 and
1855 3604 72 91 all
1966 3604 144 91 who
2145 3601 246 94 wished
2431 3600 148 96 took
2617 3598 105 97 the
2763 3595 237 100 parting

172 3717 180 63 hand.
393 3718 135 61 The
565 3718 181 61 class
784 3732 141 48 was
963 3711 352 69 dismissed
1354 3708 139 72 with
1534 3720 223 66 prayer
1795 3705 78 81 by
1915 3702 183 84 Elder
2137 3702 136 84 Dee
2317 3697 267 88 Phillips.

171 3817 355 73 Chairman,
583 3817 220 73 Calvin
858 3814 277 78 Phillips;
1183 3810 156 82 Vice
1387 3807 367 85 Chairman,
1803 3802 228 90 Jethro
2079 3799 250 93 Collett;
2379 3795 429 97 Secretaries,
2862 3793 150 99 Mae

171 3916 307 79 Seymour
516 3918 129 78 and
682 3915 205 81 Jewel
927 3913 318 82 Wootten.

694 4015 681 87 ALPHARETTA
1407 4006 556 96 MUNICIPAL
1995 3999 477 103 BUILDING

1252 4141 370 78 Alpharetta,
1651 4135 276 84 Georgia

1342 4242 168 60 June
1540 4240 96 69 11,
1671 4237 163 72 1989

346 4354 133 61 The
525 4368 130 48 one
702 4347 289 69 hundred
1036 4344 127 72 and
1207 4347 231 69 twenty
1480 4339 130 76 first
1651 4333 267 82 session
1965 4332 63 84 of
2068 4329 247 87 Sacred
2362 4327 169 88 Harp
2574 4326 259 90 Singing
2877 4341 138 75 was

169 4452 139 63 held
366 4470 82 45 on
505 4453 111 61 the
672 4447 262 67 second
991 4443 274 76 Sunday
1324 4440 55 79 in
1432 4438 195 81 June.
1687 4434 135 85 The
1876 4432 184 87 class
2113 4446 141 73 was
2308 4426 210 93 called
2574 4432 64 87 to
2694 4425 190 94 order
2938 4425 78 94 by

168 4552 355 73 Chairman,
571 4548 271 78 Richard
889 4546 294 79 DeLong,
1261 4540 144 85 who
1444 4533 357 93 welcomed
1842 4546 345 79 everyone,
2230 4527 351 99 especially
2619 4525 193 100 those
2851 4525 156 100 from

169 4651 153 64 Norh
357 4653 295 63 Carolina
682 4648 127 67 and
841 4647 408 69 Tennessee.
1288 4639 93 76 He
1411 4638 148 78 then
1594 4633 97 82 led
1723 4648 205 67 songs
1962 4647 79 69 on
2074 4644 211 72 pages
2317 4629 82 87 60
2431 4626 124 90 and
2589 4627 100 88 57.

1554 4737 84 58 75
