3150 4950
541 213 366 84 YOUNG
937 219 450 82 PEOPLES
1411 219 405 82 SACRED
1843 217 265 84 HARP
2134 213 403 88 SINGING

834 346 210 61 Grace
1072 348 234 76 Baptist
1330 348 265 76 Church,
1626 346 298 78 Sumiton,
1953 343 306 81 Alabama

1315 445 142 76 July
1479 447 103 75 29,
1615 447 165 75 1989

283 543 129 60 The
451 541 168 61 ninth
657 544 271 60 session
967 544 66 60 of
1065 544 108 61 the
1210 543 232 63 annual
1480 559 210 61 young
1731 541 283 79 Peoples
2052 538 244 82 Sacred
2337 537 166 84 Harp
2539 534 261 87 Singing
2836 549 138 72 was

147 643 130 66 held
322 657 82 52 on
453 640 328 76 Saturday
831 691 12 25 ,
892 643 148 75 July
1086 645 108 73 29,
1249 645 174 73 1989
1471 648 66 70 at
1582 640 216 78 Grace
1849 639 246 79 Baptist
2142 636 256 82 Church
2451 649 163 69 near
2656 631 315 87 Sumiton,

148 744 303 64 Alabama.
495 739 183 69 Chris
720 739 312 79 Ballinger
1065 741 207 78 called
1308 741 109 78 the
1453 739 180 79 class
1669 745 63 73 to
1771 739 186 79 order
1995 736 249 82 leading
2284 750 166 69 song
2491 748 81 70 on
2613 747 174 72 page
2823 729 148 90 31b.

151 846 181 72 Bryan
378 838 192 79 Black
613 838 103 79 led
759 838 112 79 the
918 838 285 79 morning
1249 853 244 64 prayer.
1581 837 133 81 The
1759 835 336 82 arranging
2140 832 370 85 committee
2553 831 96 87 for
2688 829 109 88 the
2839 828 129 90 day

150 957 138 55 was,
327 937 126 75 Kim
484 936 270 76 Jenkins
792 937 126 75 and
958 936 253 76 Brenda
1248 934 304 78 Robbins.
1588 934 135 78 The
1756 933 324 79 chairman
2119 930 97 82 led
2254 945 166 67 song
2458 943 81 69 on
2578 942 172 70 page
2785 924 132 88 39b
2953 973 12 39 .

154 1039 267 63 Leaders
484 1051 12 51 :
556 1035 135 67 Kim
747 1035 303 70 Jenkins,
1113 1036 108 69 99,
1281 1036 111 69 63;
1449 1033 247 75 Ashley
1755 1032 342 76 Ballinger,
2155 1032 111 76 30;
2325 1027 243 81 Amber
2623 1024 343 84 Ballinger,

159 1141 130 69 108;
339 1135 214 75 Dwain
607 1134 337 79 Ballinger,
997 1134 154 79 30b;
1206 1132 187 81 Carol
1450 1131 312 82 Robbins,
1816 1132 153 81 454;
2023 1128 145 85 Lisa
2220 1126 336 87 Ballinger,
2608 1126 153 87 211,
2815 1123 153 90 327;

159 1239 237 63 Brenda
453 1234 318 72 Robbins,
840 1236 148 70 186,
1050 1236 159 70 222;
1269 1231 282 75 Christie
1608 1231 202 75 Allen,
1879 1231 147 75 121,
2091 1230 153 76 566;
2307 1227 210 79 Bryan
2580 1224 217 82 Black,
2860 1224 108 82 97,

157 1342 138 67 220;
421 1335 312 75 Matthew
795 1333 276 76 Jordan,
1143 1335 154 75 299,
1371 1335 109 75 64;
1551 1330 208 79 Cindy
1828 1329 316 81 Franklin,
2221 1329 150 81 147,
2448 1327 151 82 120;
2670 1323 304 87 Clarissa

160 1435 378 81 Springfield,
591 1435 156 81 343;
798 1432 240 84 Amber
1087 1431 406 85 Springfield,
1554 1432 147 84 166;
1755 1429 165 87 Glen
1974 1428 273 88 Keeton,
2301 1428 151 88 365,
2506 1426 154 90 200;
2718 1420 256 96 Brenda

162 1536 226 72 Chafin,
442 1537 151 70 300,
648 1534 151 73 434.

163 1635 273 64 RECESS.

328 1735 249 61 Brenda
619 1734 291 63 Robbins
952 1732 271 78 brought
1263 1732 108 78 the
1413 1731 180 79 class
1635 1729 295 81 together
1972 1728 253 82 leading
2266 1741 169 69 song
2479 1740 84 70 on
2607 1738 174 72 page
2829 1722 142 88 172.

166 1836 298 61 Leaders:
541 1833 277 76 Shelley
897 1834 261 76 Capps,
1242 1834 151 76 100,
1473 1833 159 78 512;
1710 1828 288 82 Christie
2077 1825 378 85 Matthews,
2535 1824 159 87 512;
2775 1819 210 91 Paula

166 1933 390 79 Springfield,
621 1933 157 79 213,
844 1933 159 79 288;
1066 1930 259 82 Wanda
1387 1930 211 82 Caps,
1665 1929 153 84 546,
1884 1929 157 84 565;
2103 1924 124 88 Jim
2293 1923 283 90 Carnes,
2644 1921 154 91 287,
2863 1920 111 93 35;

168 2032 160 76 Larry
382 2031 334 78 Ballinger,
780 2031 151 78 127;
985 2028 277 81 Virginia
1318 2028 318 81 Bonham,
1692 2026 153 82 334,
1905 2026 151 82 480;
2116 2020 213 88 Edwin
2388 2019 337 90 Ballinger,
2782 2016 201 93 399b;

168 2133 118 58 Ann
333 2130 148 72 Jett,
532 2133 153 69 340,
739 2131 109 70 73;
901 2130 325 76 Margaret
1278 2127 273 79 Keeton,
1605 2127 153 79 303;
1810 2122 138 84 Earl
2004 2121 334 85 Ballinger,
2389 2121 109 85 43,
2550 2118 156 88 217;
2755 2115 223 91 Toney

169 2230 202 70 Smith,
429 2230 151 70 410,
640 2229 202 72 410b;
898 2227 175 73 John
1134 2226 255 75 Hocutt,
1447 2226 156 75 321;
1660 2221 223 79 Travis
1942 2221 274 79 Keeton,
2275 2220 154 81 348;
2488 2215 268 85 George
2817 2212 157 88 Cox,

169 2329 133 57 317.
349 2326 135 60 The
532 2326 333 60 chairman
918 2323 355 78 appointed
1366 2323 112 78 the
1527 2320 315 81 following
1891 2317 436 84 committees:
2382 2314 304 87 Finance,
2740 2310 240 91 Ashley

171 2425 112 58 and
345 2425 235 58 Amber
645 2424 346 76 Ballinger;
1059 2421 193 79 Carol
1321 2419 319 81 Robbins,
1708 2416 241 84 Amber
2010 2415 130 85 and
2205 2412 301 88 Clarissa
2568 2406 418 94 Springfield;

172 2523 322 60 Memorial
576 2521 433 69 Committee,
1095 2518 216 73 Cindy
1392 2515 303 76 Franklin
1777 2514 133 78 and
1993 2511 291 81 Christie
2364 2509 213 82 Allen;
2661 2505 318 87 Location

172 2620 387 72 Committee,
622 2620 262 72 Brenda
940 2617 256 75 Chafin,
1260 2616 309 76 Matthew
1618 2613 247 79 Jordan
1927 2610 127 82 and
2113 2610 184 82 Scott
2356 2607 187 85 Mise;
2605 2602 382 90 Resolution

172 2719 378 72 Committee,
594 2719 126 72 Jim
766 2719 274 72 Carnes,
1090 2716 205 76 Bryan
1342 2713 193 79 Black
1578 2713 129 79 and
1753 2710 178 82 Larry
1977 2709 190 84 Letts.

175 2818 369 61 DISMISSED
568 2820 151 60 FOR
742 2817 265 63 LUNCH.

316 2919 129 61 The
481 2919 334 61 afternoon
853 2916 270 64 session
1159 2929 141 51 was
1336 2911 207 69 called
1579 2910 292 76 together
1905 2908 82 78 by
2022 2905 106 81 the
2164 2902 322 84 chairman
2527 2899 250 87 leading
2817 2914 166 72 song

174 3033 69 45 on
295 3034 166 63 page
519 3021 148 76 123.
726 3016 315 81 Leaders:
1095 3013 178 84 Cecil
1330 3012 159 85 Cox,
1548 3009 193 88 176b;
1798 3007 55 90 L.
1914 3006 66 91 E.
2038 3001 298 96 Hannah,
2392 3001 148 96 511,
2598 3000 153 97 272;
2802 2995 181 102 Virgil

174 3117 264 79 Phillips,
507 3120 157 76 389,
741 3118 154 78 137;
966 3114 250 82 Robert
1278 3109 330 87 Aldridge,
1677 3108 160 88 441;
1905 3103 252 93 Cassie
2224 3099 315 97 Franklin,
2616 3097 150 99 167,
2841 3096 151 100 146;

177 3216 187 61 Elmer
412 3217 279 72 Conwill,
747 3219 151 70 286,
954 3216 153 73 411.
1162 3213 49 76 A
1263 3210 318 79 business
1632 3205 271 84 session
1953 3219 141 70 was
2149 3199 144 90 held
2349 3204 61 85 at
2460 3196 126 93 this
2635 3195 171 94 time.
2860 3193 133 96 The

175 3315 306 63 Memorial
532 3316 378 61 committee
963 3312 357 66 submitted
1372 3309 111 69 the
1534 3304 315 76 following
1905 3298 471 82 names:Annie
2427 3297 264 84 Harper,
2748 3291 240 90 Bessie

177 3414 217 73 Crider,
456 3417 193 75 Floyd
709 3414 294 78 McCool,
1066 3409 192 82 Floyd
1318 3408 273 84 Elmore,
1651 3402 217 90 Carrie
1924 3399 226 93 White,
2211 3394 253 97 Connie
2517 3391 246 100 Welch,
2820 3391 169 100 Vera

178 3511 181 73 Nunn,
400 3514 174 70 Elma
610 3513 324 72 Kitchens,
976 3508 204 76 Harlie
1216 3504 277 81 Guthrie,
1534 3499 195 85 Hazel
1800 3499 190 85 Moon
2028 3495 127 90 and
2193 3492 277 93 Garland
2508 3490 175 94 Pate.
2724 3486 267 99 Christie

177 3609 156 63 Allen
382 3613 124 58 and
561 3612 204 75 Cindy
817 3607 285 79 Franklin
1158 3604 99 82 led
1306 3604 133 82 470
1489 3598 126 88 and
1671 3598 124 88 129
1848 3595 54 91 in
1951 3592 160 94 their
2158 3604 306 82 memory.
2562 3586 210 100 Cards
2818 3600 172 87 were

177 3715 135 54 sent
375 3711 253 60 around
691 3709 100 61 for
855 3721 199 49 some
1120 3703 67 67 of
1248 3702 114 69 the
1428 3712 196 60 many
1684 3694 145 78 sick
1891 3706 127 66 ans
2085 3690 156 82 shut
2304 3687 150 85 -ins.
2523 3684 139 88 The
2725 3682 267 90 finance

178 3805 379 76 Committee,
607 3805 297 79 reported
948 3804 135 81 that
1125 3801 162 84 after
1327 3798 76 87 all
1446 3807 340 78 expenses
1827 3804 171 81 were
2041 3786 145 99 paid
2232 3786 178 99 there
2451 3798 139 87 was
2635 3796 40 88 a
2716 3780 276 105 balance

177 3906 57 60 of
265 3906 255 69 $11.00.
568 3906 301 76 Locating
915 3900 387 82 Committee
1348 3892 292 90 reported
1681 3891 136 91 that
1858 3889 102 93 Mt.
2008 3886 303 96 Lebanon
2356 3880 244 102 Baptist
2638 3877 253 105 Church
2937 3877 55 105 in

178 4003 264 81 Fayette,
498 4008 324 76 Alabama
876 4002 129 82 had
1060 3997 210 87 asked
1324 4002 64 82 to
1443 3994 148 90 host
1687 3990 109 94 the
1855 3988 169 96 1990
2076 3984 292 100 session.
2424 3979 136 105 The
2614 3976 378 108 Resolution

177 4105 366 64 Committee
594 4104 324 82 reported:
972 4101 93 85 Be
1116 4099 36 87 it
1203 4093 324 93 resolved:
1576 4090 160 96 That
1782 4087 109 99 the
1939 4099 216 87 young
2205 4080 280 106 peoples
2533 4077 249 109 Sacred
2835 4075 169 111 Harp

175 4204 396 66 Convention
633 4206 255 64 wishes
948 4207 66 63 to
1077 4197 231 73 record
1372 4194 76 76 its
1509 4188 324 82 gratitude
1891 4191 67 79 to
2019 4183 217 87 Grace
2301 4177 250 93 Baptist
2610 4176 261 94 Church
2932 4174 66 96 of

175 4306 273 66 Sumiton
499 4311 99 61 for
649 4308 76 64 its
781 4300 387 81 hospitality,
1222 4303 66 78 to
1341 4291 333 90 members
1725 4287 67 94 of
1839 4288 108 93 the
1998 4279 391 102 community
2440 4276 127 105 and
2620 4276 184 105 other
2851 4275 144 106 who

174 4411 300 78 prepared
526 4411 109 78 the
688 4401 310 88 bountiful
1054 4396 208 93 lunch,
1317 4393 127 96 and
1495 4398 64 91 to
1609 4389 76 100 all
1737 4386 222 103 others
2007 4383 145 106 who
2203 4381 168 108 have
2464 4375 237 114 served
2755 4392 82 97 on
2889 4374 106 115 the

172 4510 249 63 various
486 4507 453 66 committees.
1012 4494 373 82 Especially
1449 4507 102 69 we
1612 4486 214 90 would
1891 4483 202 93 thank
2155 4480 201 96 those
2419 4476 304 100 singings
2790 4474 67 102 of
2917 4474 78 102 all

172 4612 373 73 generation
609 4608 150 78 who
826 4603 172 82 have
1065 4593 310 93 inspired,
1441 4588 265 97 guided,
1774 4585 127 100 and
1966 4578 364 108 supported
2394 4576 127 109 this
2581 4575 420 111 convention.

174 4707 421 84 Respectfully
639 4699 349 91 submitted
1033 4699 81 91 by
1156 4696 109 94 the
1311 4689 373 102 Resolution
1729 4683 403 108 Committee.

1531 4789 108 55 111
