3150 4950
123 160 288 75 Causey,
469 157 150 78 136,
679 159 147 76 140.

127 259 295 64 RECESS.

294 360 133 60 The
468 357 180 63 class
687 372 141 48 was
867 355 205 64 called
1113 354 297 76 together
1446 352 79 78 by
1567 351 129 79 Kim
1737 349 204 81 Cagle
1983 346 250 84 leading
2274 360 168 70 song
2484 357 81 73 on
2607 355 174 75 page
2824 340 142 90 155.

132 459 312 64 Leaders:
504 457 142 66 Don
706 456 213 70 Clark,
978 454 154 72 56b,
1192 454 157 72 224;
1410 451 208 75 Helen
1678 450 270 76 Bryson,
2008 447 154 79 436,
2221 444 159 82 358;
2440 439 210 87 Runie
2707 438 261 88 Glover,

138 562 142 69 168,
333 559 154 72 376;
541 555 273 76 Stanley
865 553 226 78 Smith,
1150 553 147 78 192,
1351 552 154 79 216;
1563 549 81 82 ila
1696 546 319 85 McGhee,
2074 544 148 87 196,
2280 543 151 88 110;
2485 538 205 93 Ralph
2748 535 229 96 Heath,

135 664 150 67 200,
355 658 157 73 222;
586 655 162 76 Irma
811 654 246 78 Jones,
1126 652 154 79 297,
1357 651 151 81 142;
1576 648 186 84 Jerry
1833 642 379 90 Sheppard,
2281 642 156 90 530,
2508 639 159 93 532;
2737 636 238 96 Ernest

138 759 271 76 Phillips,
462 757 153 78 236,
675 756 148 79 129;
877 751 150 84 Floy
1075 750 250 85 Wilder,
1383 750 105 85 73.

141 855 391 66 DISMISSED
555 853 154 67 FOR
729 850 267 70 LUNCH.

315 957 133 60 The
493 955 334 61 afternoon
871 949 267 67 session
1180 948 345 69 continued
1566 945 139 72 with
1752 943 129 73 Kim
1924 940 204 79 Cagle
2170 939 252 81 leading
2466 951 168 69 song
2679 949 82 70 on
2803 948 172 72 page

148 1062 142 60 100.
354 1056 316 66 Leaders;
732 1050 298 72 Leonard
1092 1048 202 73 Price,
1357 1048 153 73 335,
1570 1047 156 75 290;
1788 1042 162 79 Lora
2007 1039 241 82 Kelley,
2310 1039 154 82 208,
2523 1038 157 84 384;
2740 1032 237 90 LaRue

144 1159 196 69 Allen,
399 1158 153 70 454,
609 1155 159 73 302;
823 1152 301 76 Audress
1182 1147 259 81 Gurley,
1498 1144 154 84 36b,
1713 1143 156 85 "Not
1923 1141 199 87 Made
2175 1137 162 91 With
2395 1134 283 94 Hands";
2733 1131 246 97 Wynell

150 1254 340 72 Birchfield,
534 1255 150 70 392,
727 1252 151 73 304;
927 1248 273 78 Isabelle
1243 1246 238 79 Fagan,
1533 1245 235 81 11159;
1813 1242 192 84 Linda
2046 1237 124 88 and
2220 1236 268 90 Isabelle
2533 1234 240 91 Fagan,
2820 1230 160 96 "The

150 1357 196 60 Great
402 1351 133 66 Roll
592 1350 159 67 Call:
811 1348 186 69 Edna
1051 1345 166 72 Ruth
1276 1344 277 76 Phillips,
1617 1342 147 78 164,
1821 1341 154 79 288;
2028 1338 217 82 Jenny
2301 1333 256 87 Gurley,
2620 1332 147 88 143,
2824 1330 156 90 340;

153 1456 160 73 Hoyt
367 1450 232 79 Cagle,
660 1450 156 79 542,
877 1449 157 81 544;
1095 1443 295 87 LaMerle
1449 1440 376 90 McKinney,
1884 1438 154 91 283,
2100 1437 111 93 45;
2271 1434 159 96 Pam
2491 1429 282 100 Phillips,
2833 1428 153 102 480,

151 1555 148 67 373;
354 1551 130 72 Kim
538 1546 226 78 Cagle,
822 1548 151 76 460,
1032 1545 150 79 137;
1236 1540 255 84 Marilyn
1548 1537 279 87 Darden,
1879 1537 150 87 268,
2086 1534 105 90 64;
2247 1530 267 94 Stanley
2565 1527 127 97 and
2743 1525 247 99 Amace

156 1650 217 70 Smith,
433 1650 147 70 128;
637 1647 142 73 Don
834 1642 207 78 Clark,
1096 1641 153 79 39b;
1308 1639 199 81 Hazel
1561 1635 226 85 Cagle,
1843 1635 153 85 434,
2050 1633 153 87 365;
2259 1627 207 93 Runie
2520 1626 256 94 Glover,
2830 1624 153 96 383;

154 1750 259 73 Tommy
456 1743 331 81 Spurlock,
834 1744 153 79 490;
1036 1740 202 84 Helen
1287 1738 264 85 Bryson,
1597 1737 151 87 269;
1797 1731 204 93 Ralph
2047 1728 228 96 Heath,
2320 1729 150 94 240,
2515 1726 153 97 358.

160 1849 112 60 For
322 1846 109 63 the
484 1843 294 76 closings
831 1855 172 64 song
1057 1839 109 81 the
1222 1836 262 84 officers
1539 1833 99 87 led
1692 1846 172 73 song
1918 1845 82 75 on
2056 1842 174 78 page
2283 1827 105 93 72.
2446 1824 232 96 Ernest
2731 1819 256 100 Phillips

159 1944 348 63 dismissed
555 1942 111 64 the
712 1941 183 66 class
937 1938 142 69 with
1129 1950 243 64 prayer.

162 2044 355 69 Chairman,
564 2041 130 72 Kim
736 2038 228 78 Cagle;
1005 2037 153 79 Vice
1201 2034 361 82 Chairman,
1608 2031 145 85 Floy
1792 2028 244 88 Wilder;
2080 2025 357 91 Secretary,
2482 2019 198 97 Hazel
2722 2017 223 99 Cagle.

1020 2140 193 79 OLD
1237 2134 481 85 HARMONY
1740 2130 403 90 CHURCH

1120 2265 310 60 Cleburne
1458 2262 259 73 County,
1746 2257 306 78 Alabama

1344 2362 150 78 April
1527 2364 94 76 16,
1657 2362 162 78 1989

364 2475 136 60 The
550 2470 238 64 annual
837 2467 252 67 Sacred
1137 2466 172 75 Harp
1353 2461 264 79 Singing
1662 2473 142 67 was
1851 2455 147 85 held
2044 2460 64 81 at
2152 2452 120 88 Old
2322 2452 321 88 Harmony
2689 2446 306 94 Primitive

172 2574 238 78 Baptist
453 2571 255 81 Church
753 2569 109 82 the
906 2565 156 87 third
1108 2562 270 90 Sunday
1420 2560 58 91 in
1522 2557 178 94 April.
1746 2556 135 96 The
1924 2554 181 97 class
2146 2566 139 85 was
2329 2548 205 103 called
2580 2553 64 99 to
2691 2547 184 105 order
2919 2544 79 108 by

174 2671 277 63 Leonard
493 2671 147 63 Kerr
678 2667 252 76 leading
969 2680 169 63 song
1177 2677 84 66 on
1300 2674 171 69 page
1510 2659 102 84 27.
1653 2655 133 88 The
1825 2652 280 91 morning
2143 2664 223 79 prayer
2401 2662 138 81 was
2580 2644 96 99 led
2716 2643 79 100 by
2836 2641 162 102 Billie

175 2772 222 60 Harris.
450 2770 63 61 B.
565 2769 78 63 M.
693 2764 201 67 Smith
942 2763 126 69 and
1117 2758 289 73 Leonard
1453 2755 150 76 Kerr
1642 2754 153 78 then
1842 2752 100 79 led
1986 2749 133 82 37b
2163 2746 126 85 and
2332 2748 105 84 32.
2487 2743 232 88 Evelyn
2767 2739 229 93 Harris,

171 2872 103 70 47,
324 2872 108 70 45.
484 2868 139 75 The
670 2865 186 78 class
907 2857 355 85 organized
1314 2857 82 85 by
1443 2853 279 90 electing
1771 2850 111 93 the
1930 2845 313 97 following
2296 2844 283 99 officers:
2634 2839 366 103 Chairman,

177 2967 289 63 Leonard
537 2965 174 70 Kerr;
774 2962 159 73 Vice
997 2958 379 78 Chairman,
1446 2953 64 82 B.
1579 2950 78 85 M.
1726 2947 228 88 Smith;
2022 2946 373 90 Secretary,
2463 2938 240 97 Evelyn
2770 2935 238 100 Harris;

175 3067 346 78 Arranging
579 3061 415 84 Committee,
1054 3058 238 87 Hester
1347 3051 331 94 Edwards.
1735 3045 292 100 Leonard
2086 3043 150 102 Kerr
2286 3042 154 103 then
2496 3039 103 106 led
2653 3052 214 93 songs
2920 3051 82 94 on

177 3183 210 63 pages
439 3168 127 78 100
613 3162 129 84 and
792 3163 105 82 61.
951 3157 312 88 Leaders:
1314 3151 240 94 Margie
1600 3147 222 99 Smith,
1879 3145 144 100 101,
2071 3144 151 102 313,
2280 3141 147 105 108;
2475 3136 256 109 Carlton
2776 3133 226 112 Wood,

183 3270 144 67 109,
390 3267 108 70 78,
561 3265 157 72 340;
780 3259 127 78 Ola
969 3255 211 82 Pruitt,
1246 3255 153 82 405,
1470 3250 147 87 111,
1684 3247 148 90 176;
1897 3241 213 96 Curtis
2172 3237 399 100 McLendon,
2640 3237 145 100 143,
2851 3234 154 103 489;

181 3366 252 61 Lovella
486 3364 171 67 Kerr,
718 3361 148 70 123,
922 3358 153 73 325,
1131 3355 106 76 48.

183 3465 294 61 RECESS.

346 3564 135 58 The
519 3561 183 61 class
736 3571 141 51 was
916 3552 204 70 called
1161 3556 63 66 to
1266 3547 183 75 order
1486 3544 78 78 by
1605 3543 64 79 B.
1714 3541 78 81 M.
1837 3537 195 85 Smith
2074 3534 250 88 leading
2364 3547 169 75 song
2574 3546 81 76 on
2695 3544 171 78 page
2905 3529 103 93 82.

186 3663 310 60 Leaders:
559 3658 180 64 Alice
805 3651 337 72 Edwards,
1209 3649 154 73 565,
1428 3645 156 78 566;
1650 3640 174 82 Mary
1890 3636 61 87 F.
2020 3633 225 90 Smith,
2311 3633 151 90 426,
2533 3630 148 93 136,
2746 3628 154 94 452.
2965 3625 51 97 A

186 3759 318 63 memorial
546 3759 229 63 lesson
816 3768 142 54 was
1000 3748 145 73 held
1189 3751 64 70 at
1290 3744 126 78 this
1453 3741 148 81 time
1638 3738 142 84 with
1825 3735 276 87 Herman
2143 3729 199 93 Smith
2388 3727 252 94 leading
2679 3741 210 81 songs
2931 3739 82 82 on

183 3877 208 61 pages
427 3862 103 76 45,
571 3858 133 81 348
741 3852 130 87 and
910 3849 177 90 323b
1125 3847 55 91 in
1221 3856 283 82 memory
1540 3838 61 100 of
1641 3838 133 100 Eva
1812 3835 238 103 Hayes,
2088 3829 132 109 Vila
2257 3826 217 112 Smith,
2514 3825 159 114 Ocie
2715 3822 301 117 Edwards

184 3960 123 61 and
355 3960 133 61 Eva
535 3957 259 67 Norton;
844 3946 258 78 Mironel
1150 3940 313 84 Swafford
1513 3937 97 87 led
1657 3937 129 87 285
1833 3933 126 91 and
2004 3931 115 93 341
2176 3928 94 96 for
2313 3927 169 97 Gray
2523 3924 241 100 Taylor,
2815 3921 201 103 Ralph

183 4060 217 70 Wood,
441 4057 232 73 Julous
712 4054 265 76 Owens,
1054 4044 127 87 and
1225 4039 226 91 Buford
1489 4035 315 96 Waldrop.
1848 4030 165 100 Billie
2052 4027 207 103 Harris
2332 4024 99 106 led
2470 4024 129 106 294
2637 4023 79 108 by
2758 4026 262 105 request

183 4159 90 61 for
303 4161 184 60 Rena
520 4158 150 63 Mae
706 4153 268 67 Henson
1005 4146 145 75 who
1180 4158 141 63 was
1351 4138 135 82 sick
1519 4135 126 85 and
1678 4131 184 90 could
1897 4135 106 85 not
2035 4128 85 93 be
2149 4126 138 94 with
2323 4140 96 81 us.
2457 4122 94 99 He
2583 4122 151 99 then
2769 4120 97 100 led
2901 4120 129 100 68b

186 4260 51 61 in
285 4273 288 61 memory
616 4255 66 79 of
729 4252 97 82 his
874 4248 247 87 mother
1168 4240 238 94 Fannie
1455 4234 228 100 Harris.
1735 4228 286 106 Leonard
2071 4227 148 108 Kerr
2265 4224 97 111 led
2413 4225 124 109 146
2583 4221 126 114 and
2760 4222 124 112 147
2929 4221 94 114 for

184 4360 72 61 all
298 4360 108 61 the
453 4357 138 64 sick
636 4353 129 69 and
811 4347 300 75 shut-ins.
1164 4342 184 79 Elder
1392 4336 156 85 Neal
1597 4329 292 93 Prichard
1938 4327 99 94 led
2080 4341 211 81 songs
2373 4324 129 97 293
2548 4321 126 100 and
2718 4323 129 99 235
2893 4320 126 102 and

183 4461 226 61 closed
456 4459 112 63 the
616 4449 331 73 memorial
993 4444 144 78 with
1185 4455 246 67 prayer.

184 4560 363 63 Dismissed
586 4557 97 66 for
721 4549 232 73 Lunch.

322 4663 136 60 The
493 4659 334 64 afternoon
861 4645 267 78 session
1165 4636 301 87 resumed
1498 4633 138 90 with
1674 4632 64 91 B.
1777 4630 76 93 M.
1893 4626 195 97 Smith
2125 4624 246 99 leading
2406 4638 207 85 songs
2649 4638 79 85 on
2764 4636 210 87 pages

1569 4734 87 60 47
