3150 4950
354 223 265 63 Second
648 259 21 27 -
693 226 121 60 Old
840 226 247 76 County
1116 228 142 75 Line
1284 226 246 76 Church
1558 259 22 43 -
1605 228 39 75 9
1674 225 174 78 miles
1872 228 160 75 west
2058 220 63 82 of
2140 219 274 84 Warrior,
2442 216 327 87 Alabama.

205 325 168 60 Near
397 324 258 63 Corner.

358 424 262 60 Second
651 457 21 27 -
700 424 261 61 Second
990 426 207 61 Creek
1222 426 246 61 Church
1495 457 21 30 -
1542 423 169 64 Take
1735 421 385 66 Tennessee
2148 417 163 75 Hwy.
2343 417 79 75 98
2449 421 63 70 to
2539 412 142 79 Five

210 525 232 72 Points,
469 523 409 73 Tennessee,
907 531 133 66 turn
1063 531 163 66 west
1248 541 84 55 on
1360 525 229 72 Liberty
1612 522 213 75 Grove
1849 553 22 43 -
1894 520 120 76 five
2041 517 211 79 Points
2280 514 135 82 Rd.,
2442 529 87 67 go
2553 511 195 85 about
2776 511 22 85 1

214 625 154 72 mile,
397 631 130 66 turn
558 624 120 73 left,
706 624 150 73 then
882 640 85 63 go
994 625 192 78 about
1216 627 21 76 1
1278 624 138 79 mile
1443 639 79 64 on
1551 621 207 82 paved
1788 619 147 84 road
1962 624 63 79 to
2047 615 232 88 church
2307 630 81 73 on
2416 612 165 91 right.

363 724 313 76 Saturday
705 724 189 76 (only)
921 724 220 76 before
1164 723 111 78 3rd
1302 723 261 78 Sunday
1590 754 21 46 -
1635 718 180 82 Seed
1840 717 126 84 and
1992 715 172 85 Feed
2191 714 244 87 Sacred
2463 711 166 90 Harp
2653 706 256 94 Singing

216 859 22 9 -
262 825 195 61 Grant
484 823 159 63 Park
669 823 337 63 Methodist
1032 822 246 64 Church
1305 855 21 31 -
1353 823 127 63 575
1507 817 364 72 Boulevard,
1899 816 259 73 Atlanta,
2187 811 292 78 Georgia,
2506 810 145 79 Just

217 927 133 60 four
375 925 219 61 blocks
619 924 187 63 south
835 922 64 64 of
928 925 147 61 1-20
1102 922 118 64 exit
1245 924 100 63 26.

370 1026 312 73 Saturday
709 1023 190 76 (only)
925 1023 220 76 before
1167 1021 112 78 3rd
1306 1020 261 79 Sunday
1593 1051 22 48 -
1641 1017 213 82 Rocky
1881 1017 213 82 Mount
2119 1011 295 88 Primitive
2440 1008 238 91 Baptist

222 1125 247 61 Church
495 1158 22 28 -
541 1126 42 60 3
613 1123 175 63 miles
813 1126 148 60 east
987 1122 64 64 of
1072 1120 181 72 Arab,
1281 1119 309 73 Alabama
1614 1134 81 58 on
1722 1117 147 75 Hwy
1896 1117 82 75 69
2005 1164 12 28 ,
2046 1113 165 79 Arab
2232 1119 63 73 to
2320 1105 427 87 Guntersville,

220 1224 327 61 Alabama.

373 1323 175 61 Third
576 1356 21 28 -
624 1321 291 63 Concord
945 1318 294 66 Primitive
1269 1317 232 78 Baptist
1527 1315 246 79 Church
1800 1348 21 46 -
1845 1315 40 79 3
1915 1312 175 82 miles
2119 1309 169 85 north
2316 1308 64 87 of
2404 1305 352 90 Carrollton,

228 1423 289 78 Georgia,
543 1422 126 79 just
694 1420 85 81 off
801 1419 258 82 Temple
1089 1419 162 82 Hwy.
1287 1419 138 82 113.

378 1522 195 70 Third,
598 1521 144 72 Oak
768 1521 210 72 Grove
1005 1518 294 75 Primitive
1326 1516 235 78 Baptist
1585 1513 247 81 Church
1860 1546 21 48 -
1906 1509 412 85 Birmingham
2344 1540 19 54 -
2394 1503 316 91 Hopewell

232 1623 198 70 Road,
460 1623 372 75 Alpharetta,
862 1618 276 79 Georgia
1167 1617 325 81 (Christian
1521 1615 310 82 Harmony
1857 1611 279 87 Singing)

381 1720 202 61 Third-
609 1720 301 76 Ephesus
937 1717 295 79 Primitive
1258 1714 237 82 Baptist
1516 1713 247 84 Church
1794 1713 100 84 1/2
1924 1710 136 87 mile
2085 1713 145 84 east
2257 1705 61 91 of
2343 1705 69 91 U.
2442 1705 66 91 S.
2536 1704 84 93 29
2646 1717 82 79 on

235 1821 180 60 River
438 1818 201 70 Road,
670 1816 253 72 Fairfax,
951 1815 324 73 Alabama.
1308 1813 286 75 (Eastern
1620 1810 214 78 Time).

384 1917 174 61 Third
585 1950 21 28 -
631 1915 117 63 Old
780 1914 196 64 Union
1006 1912 235 78 Baptist
1266 1911 244 79 Church
1539 1944 21 46 -
1587 1914 39 76 5
1653 1908 175 82 miles
1854 1905 349 85 southwest
2229 1902 61 88 of
2313 1899 294 91 Winfield,

234 2019 325 69 Alabama,
588 2032 84 55 on
697 2016 166 75 Hwy.
898 2016 139 75 107.

385 2116 174 61 Third
588 2149 21 28 -
634 2115 117 63 Old
783 2115 310 72 Harmony
1122 2145 19 42 -
1188 2110 171 76 Take
1384 2107 351 79 Abernathy
1762 2106 117 81 exit
1905 2104 87 82 off
2016 2104 12 82 I
2055 2106 85 81 20
2166 2103 192 84 about
2388 2103 76 84 10
2493 2098 175 88 miles

238 2223 145 54 east
408 2215 66 61 of
496 2214 213 70 Heflin,
738 2214 325 70 Alabama.
1092 2211 171 73 Take
1285 2209 126 75 first
1437 2208 150 76 road
1614 2221 79 63 on
1723 2205 148 79 right
1896 2202 124 82 and
2043 2217 85 67 go
2160 2203 22 81 1
2221 2199 156 85 mile.

388 2314 174 60 Third
589 2346 21 28 -
640 2311 151 63 Pine
817 2311 210 63 Grove
1054 2343 19 31 -
1122 2311 40 63 4
1189 2308 177 66 miles
1392 2305 184 69 south
1603 2304 64 70 of
1692 2301 381 73 Collinsville,
2101 2298 321 76 Alabama,
2452 2299 145 75 east
2625 2293 61 81 of

244 2413 144 76 Hwy
418 2415 99 75 11.

394 2511 309 75 Saturday
732 2509 187 76 (only)
946 2508 220 78 before
1189 2505 105 81 4th
1321 2503 261 82 Sunday
1606 2535 21 51 -
1656 2499 270 87 Harpeth
1951 2497 213 88 Valley
2188 2494 241 91 Sacred
2457 2493 168 93 Harp

244 2613 253 78 Singing
528 2644 21 46 -
576 2608 271 82 Harpeth
879 2605 430 85 Presbyterian
1338 2602 244 88 Church
1609 2634 21 57 -
1659 2599 298 91 Hillsbora
1986 2595 196 96 Road,
2212 2595 163 96 Hwy.
2406 2593 112 97 431

246 2712 285 75 -midway
558 2710 291 76 between
877 2706 273 81 Franklin
1176 2704 127 82 and
1330 2701 330 85 Nashville,
1687 2700 400 87 Tennessee.
2119 2695 148 91 First
2289 2691 312 96 Saturday
2623 2689 157 97 after

249 2812 235 60 Easter.

400 2910 219 60 Fourth
646 2941 19 28 -
696 2905 361 76 Friendship
1083 2902 246 79 Church
1356 2935 21 46 -
1402 2905 39 76 8
1471 2899 174 82 miles
1672 2898 334 84 southeast
2032 2896 61 85 of
2121 2890 325 91 Haleyville
2475 2905 79 76 on
2584 2887 145 94 Hwy

253 3012 138 69 195,
420 3016 132 64 turn
577 3007 189 73 south
795 3012 61 69 at
879 3004 231 76 church
1137 3003 141 78 sign
1302 3007 120 73 two
1450 2998 192 82 miles,
1668 2995 231 85 church
1926 3010 79 70 on
2037 2992 115 88 left.
2182 2991 202 90 Going
2413 2988 169 93 north
2614 2985 138 96 look

247 3111 90 60 for
360 3108 229 63 church
618 3106 157 78 sign,
805 3105 187 79 south
1018 3111 118 73 two
1167 3102 195 82 miles.

400 3207 220 60 Fourth
649 3238 21 28 -
697 3205 99 61 Mt.
828 3202 234 64 Moriah
1090 3199 295 67 Primitive
1413 3196 234 76 Baptist
1668 3193 247 79 Church
1944 3225 19 48 -
1990 3207 82 66 on
2100 3190 147 82 Hwy
2274 3190 99 82 75,
2401 3192 40 81 5
2469 3186 178 87 miles

250 3307 184 61 south
463 3306 64 63 of
544 3304 271 79 junction
846 3309 60 75 at
931 3300 261 84 Sneads
1221 3295 409 88 Crossroads.

403 3405 219 60 Fourth
651 3436 19 28 -
700 3403 229 72 Liberty
958 3399 295 76 Primitive
1282 3396 232 79 Baptist
1539 3391 244 84 Church
1812 3424 21 51 -
1860 3387 454 88 Childersburg,
2340 3384 310 91 Alabama
2674 3414 21 61 -

255 3505 135 60 Bob
417 3505 297 60 Morrison
744 3498 334 67 Memorial.

406 3604 145 60 Fifth
577 3637 22 27 -
628 3601 231 75 Liberty
885 3633 21 43 -
933 3600 40 76 2
1000 3597 177 79 miles
1206 3594 169 82 north
1404 3592 63 84 of
1491 3591 310 85 Henagar,
1831 3586 319 90 Alabama.
2179 3583 100 93 On
2310 3582 229 94 Liberty
2568 3577 198 99 Road.

256 3703 175 61 From
456 3703 108 61 the
591 3702 301 75 Henagar
913 3694 304 82 Crossing
1245 3693 147 84 take
1416 3691 147 85 Hwy
1585 3691 85 85 40
1693 3691 159 85 west
1875 3691 64 85 to
1962 3684 108 93 the
2097 3682 285 94 Farmers
2406 3676 367 100 Telephone

256 3802 436 78 Cooperative.
721 3799 156 81 Turn
909 3796 148 84 right
1081 3793 124 87 and
1233 3807 84 73 go
1341 3796 63 84 to
1429 3789 166 91 dead
1621 3786 144 94 end.
1794 3784 157 96 Turn
1981 3781 163 99 right.
2173 3780 169 100 Take
2368 3778 124 102 first
2520 3777 99 103 left
2644 3780 144 100 past

258 3903 297 78 Henagar
580 3900 187 81 Meth.
796 3898 114 82 Ch.
943 3901 147 79 onto
1120 3892 226 88 Liberty
1375 3889 111 91 Rd.
1515 3885 247 96 Church
1789 3883 51 97 is
1867 3898 79 82 on
1978 3880 147 100 right
2151 3880 153 100 after
2349 3891 253 90 approx.
2634 3877 102 103 1.5
2763 3873 93 108 mi.

408 4002 147 63 Fifth
580 4036 21 28 -
630 3997 313 76 Saturday
967 3996 124 78 and
1122 3991 279 82 Sunday,
1432 3987 280 87 Midwest
1738 3981 406 93 Convention,
2176 3978 298 96 Chicago,
2508 3973 226 100 Illinois.

258 4105 189 60 Place
472 4110 63 55 to
561 4104 84 61 be
673 4095 403 70 announced.
1108 4093 114 72 For
1248 4090 157 75 info.,
1435 4090 250 75 contact
1708 4083 129 82 Ted
1869 4078 568 87 Mercer.312-486-
2464 4077 186 88 7400.

408 4203 147 63 Fifth
582 4237 21 28 -
628 4198 369 67 Southwest
1020 4194 211 72 Texas
1257 4186 243 79 Sacred
1528 4185 165 81 Harp
1717 4179 388 87 Convention
2134 4212 21 54 -
2182 4176 214 90 Bethel
2424 4173 297 93 Primitive

259 4305 235 78 Baptist
520 4299 267 84 Church,
820 4294 357 88 McMahan,
1206 4290 211 93 Texas
1446 4282 312 100 (Caldwell
1785 4281 286 102 County).
2101 4276 307 106 Saturday
2434 4273 124 109 and
2587 4273 277 109 Sunday.

411 4402 145 63 Fifth
583 4437 21 28 -
630 4398 400 67 Tuscalossa
1053 4387 393 78 Community
1471 4384 249 81 Center,
1750 4378 324 87 Rosedale
2100 4375 342 90 Southside
2470 4374 181 91 Lions
2677 4371 157 94 Club
2860 4387 81 78 on

258 4504 166 76 Hwy.
451 4504 87 76 82
564 4498 127 82 and
721 4498 150 82 Hwy
895 4495 84 85 69
1005 4489 219 91 South.

411 4602 147 61 Fifth
585 4635 21 28 -
636 4597 100 66 Mt.
768 4591 234 79 Pisgah
1030 4587 246 84 Church
1305 4587 129 84 -10
1464 4581 174 90 miles
1663 4584 159 87 west
1848 4576 61 94 of
1933 4575 333 96 Sylvester,
2296 4570 292 100 Georgia.

1749 4681 42 54 5
