3168 4962
181 186 279 66 Carlene
516 193 235 76 Griffin,
810 201 183 76 (GA),
1054 204 145 73 193;
1254 202 187 76 Terry
1494 204 472 78 Cunningham,
2028 205 147 76 173;
2227 201 175 81 John
2460 201 331 81 Bowman,
2850 198 139 84 (IN),

178 288 106 72 40;
337 289 135 70 Kris
522 292 580 79 Richardson,195;
1155 301 213 78 Phillip
1416 303 295 78 Langley,
1765 303 181 78 (GA),
1996 304 153 76 215;
2196 300 136 81 Jeff
2377 295 369 85 Sheppard,
2800 297 157 84 (AL).

183 385 295 66 RECESS.

351 487 135 61 The
525 492 177 60 class
745 498 300 58 resumed
1084 498 249 76 singing
1372 499 136 75 with
1554 499 198 75 Diane
1791 499 213 75 Yoder
2041 498 123 76 (IN)
2211 495 252 79 leading
2505 508 168 66 song
2715 510 82 64 on
2836 511 159 63 page

184 585 142 60 159.
381 585 306 64 Leaders:
738 591 136 60 Don
921 592 319 73 Johnson,
1294 595 150 75 (C)),
1494 597 105 73 84;
1650 595 171 75 Mary
1911 595 306 75 Gardner,
2274 592 163 78 (AL),
2488 594 151 76 442;
2691 591 99 79 Bill
2841 592 142 78 Holt,

183 681 184 78 (MA),
430 687 147 72 148;
631 688 190 70 Carla
873 691 222 70 Smith,
1150 693 180 73 (CA),
1390 696 145 70 192;
1588 693 264 75 Tommy
1903 693 330 76 Spurlock,
2295 691 166 78 (AL),
2517 691 151 78 376;
2724 691 264 78 Geneva

181 778 315 76 Prichard,
549 786 172 75 (Ga),
769 790 151 70 373;
970 789 262 76 George
1281 790 306 75 Karduck,
1636 793 148 72 480.

183 877 391 66 DISMISSED
598 883 151 60 FOR
772 885 261 61 LUNCH.

337 978 133 61 The
511 981 327 61 afternoon
877 984 264 60 session
1182 985 297 60 resumed
1515 987 136 58 with
1695 985 165 75 Mary
1900 987 177 73 Rose
2112 985 274 75 O'Leary
2427 985 246 79 leading
2712 1005 160 63 song
2911 1008 69 60 on

180 1090 175 63 page
411 1080 153 73 383.
630 1080 310 73 Leaders:
999 1081 264 72 Warren
1321 1083 202 70 Steel,
1588 1083 165 75 (MS)
1818 1086 148 72 131;
2025 1084 201 75 Syble
2281 1084 270 75 Adams,
2616 1086 165 76 (AL),
2845 1092 133 72 171;

177 1173 207 61 Jesse
432 1176 273 61 Roberts
753 1179 132 75 (Fl),
939 1180 144 73 181;
1126 1180 244 76 Wendy
1413 1180 223 76 Wahn,
1683 1183 148 73 290;
1875 1182 232 75 James
2155 1183 198 76 Page,
2404 1183 160 76 (Wl),
2611 1186 150 73 272;
2800 1188 181 72 Janet

183 1272 328 75 Fraembs,
558 1278 153 70 532;
759 1278 171 70 Buell
976 1278 187 70 Cobb
1209 1279 162 75 (AL),
1419 1281 150 73 270;
1617 1279 213 75 Debra
1875 1281 294 78 Langley,
2220 1282 337 76 (GA),163;
2605 1284 123 75 Lee
2775 1287 201 78 Beaty,

178 1372 154 70 314;
402 1374 177 69 Joan
649 1375 328 76 Aldridge,
1051 1377 172 75 (AL),
1300 1378 151 73 189;
1524 1377 277 75 Richard
1875 1380 304 78 DeLong,
2254 1381 186 76 (GA),
2514 1384 153 73 522;
2737 1384 238 73 Connie

181 1470 322 78 Haggard,
556 1476 151 72 551;
760 1474 171 76 Greg
982 1474 352 76 Singleton,
1392 1477 145 73 114;
1591 1477 153 73 Pam
1794 1477 265 73 Adams,
2113 1477 165 76 (AL),
2329 1482 150 72 440;
2532 1482 99 72 Bill
2683 1482 289 76 Hamblin,

178 1570 106 69 47;
333 1569 294 78 Angelita
676 1570 306 76 Porcella,
1036 1572 148 75 (IN),
1236 1573 148 73 47b;
1437 1573 100 73 Bill
1588 1575 237 72 Green,
1879 1575 163 76 (AL),
2094 1578 148 73 271.

181 1666 297 61 RECESS.

334 1767 271 61 Melanie
646 1767 186 61 Hauff
868 1770 444 60 reassembled
1347 1771 106 58 the
1488 1771 175 60 class
1702 1771 244 79 leading
1984 1789 163 61 song
2187 1789 81 61 on
2304 1791 168 63 page
2508 1779 142 75 277.
2692 1779 279 75 Leaders:

175 1864 295 60 Jennifer
520 1864 321 73 Wootten,
901 1866 165 76 (AL),
1122 1870 151 72 341;
1327 1870 295 76 Stephen
1675 1872 298 75 O'Leary,
2028 1875 151 72 385;
2236 1875 211 78 Midge
2503 1876 253 76 Harder,
2815 1879 160 76 (CA),

178 1963 106 69 36;
343 1962 177 70 Mark
574 1963 435 78 Ellenberger,
1068 1966 171 75 (MN)
1297 1969 148 72 168;
1501 1968 202 73 Paula
1759 1968 292 78 McGray,
2113 1972 186 75 (MA),
2353 1975 106 72 31;
2514 1975 169 75 Gary
2734 1977 243 73 Gronau

183 2061 198 75 (MO),
441 2062 154 73 268;
657 2062 255 73 Debbie
970 2064 283 72 Barford,
1312 2067 153 70 340;
1522 2067 124 76 Jay
1702 2068 231 75 Yoder,
1996 2070 150 76 (IN),
2206 2073 106 73 75;
2371 2071 171 75 Herb
2596 2073 370 76 Schroeder,

184 2161 147 70 186;
385 2160 274 76 Carolyn
715 2161 241 76 Deacy,
1017 2164 177 75 (CA),
1252 2167 145 72 155;
1453 2166 288 73 Seamus
1795 2167 267 78 Enright,
2116 2170 150 75 49b;
2320 2172 64 73 B.
2443 2172 75 73 M.
2574 2173 216 72 Smith,
2839 2178 136 69 457;

177 2259 127 60 Jeff
345 2259 361 78 Sheppard,
750 2263 105 73 45.
897 2260 132 76 The
1069 2263 178 73 class
1285 2280 138 57 was
1462 2265 346 72 dismissed
1915 2268 138 69 with
2095 2284 222 61 prayer
2353 2271 78 75 by
2473 2271 156 75 Ruth
2670 2272 208 73 White.

1254 2362 331 73 SUNDAY,
1615 2365 220 70 APRIL
1858 2368 82 67 30

348 2457 135 60 The
523 2460 382 60 convention
949 2467 126 52 met
1114 2476 79 45 on
1237 2461 261 76 Sunday
1540 2469 61 69 at
1642 2463 103 75 Ida
1785 2464 217 75 Noyes
2043 2466 126 73 Hall
2212 2482 79 57 on
2329 2467 106 72 the
2473 2484 268 61 campus
2782 2470 60 75 of
2872 2470 94 75 the

181 2556 357 78 University
588 2557 66 76 of
702 2557 310 78 Chicago.
1069 2559 174 76 Mary
1294 2560 180 75 Rose
1524 2562 276 78 O'Leary
1849 2563 205 76 called
2106 2565 105 75 the
2260 2566 385 73 convention
2694 2568 276 76 together

181 2655 253 78 leading
484 2670 169 64 song
705 2673 78 61 on
835 2673 171 63 page
1057 2661 144 75 102.
1249 2659 261 76 Tommy
1560 2661 309 76 Spurlock
1915 2662 97 75 led
2059 2662 106 75 the
2215 2664 279 78 morning
2544 2682 235 60 prayer.
2830 2667 136 75 Katy

180 2754 181 76 Early
420 2754 66 76 of
538 2755 109 75 the
711 2755 357 76 University
1125 2757 64 75 of
1243 2758 292 76 Chicago
1594 2758 315 76 Folk-lore
1966 2761 282 76 Society,
2307 2778 400 61 co-sponsor
2760 2764 63 75 of
2869 2764 96 75 the

178 2853 268 76 Sunday
492 2854 270 75 session
813 2854 99 75 led
964 2857 141 72 155.
1158 2856 282 73 Leaders
1485 2857 205 72 called
1734 2872 192 57 were:
1972 2859 132 70 Ted
2148 2860 319 70 Johnson,
2521 2862 141 70 171;
2712 2862 252 70 Melanie

178 2952 210 70 Hauff,
453 2955 144 67 106,
655 2952 249 75 Wendy
958 2953 223 73 Wahn,
1237 2955 150 72 277,
1447 2955 250 72 Connie
1752 2953 312 73 Karduck,
2127 2959 145 69 191;
2325 2958 121 70 Jim
2503 2959 268 70 Carnes,
2826 2961 136 69 436;

178 3049 312 61 Kathleen
544 3049 246 78 Kuiper,
843 3052 103 75 29;
997 3051 297 76 Matthew
1342 3051 162 76 Lind,
1557 3054 103 73 64;
1713 3052 64 75 B.
1830 3052 78 75 M.
1959 3054 222 73 Smith,
2229 3058 150 69 441;
2430 3057 271 70 Carlene
2749 3057 210 70 Griffin,

174 3150 154 70 37b;
391 3150 184 75 Larry
634 3150 364 75 Nothwehr,
1059 3153 153 72 260;
1270 3150 132 75 Ted
1464 3150 250 75 Mercer
1773 3150 100 75 led
1933 3151 100 73 his
2091 3154 262 79 original
2412 3162 153 72 tune
2623 3156 337 78 "O'Leary";

177 3249 174 60 Buell
409 3249 210 72 Cobb,
684 3249 193 72 131b;
937 3247 222 78 Marge
1215 3249 255 76 Mason,
1525 3250 108 75 49;
1693 3249 237 76 Marcie
1983 3252 327 73 Johnson,
2368 3256 153 70 384;
2581 3255 198 72 Robin
2835 3255 130 72 Fox,

175 3349 196 75 (MN),
441 3351 156 73 211;
667 3348 183 76 Hilda
918 3346 336 78 Morrison,
1326 3349 148 75 179;
1536 3346 184 78 Jerry
1785 3349 375 75 Schreiber,
2230 3354 183 75 (CA),
2482 3357 154 72 300;
2701 3355 262 73 Geneva

174 3447 316 72 Prichard,
547 3448 150 70 455;
754 3447 205 72 Karen
1017 3445 199 73 Isbell,
1276 3445 142 73 183.

172 3546 297 61 RECESS.

382 3645 210 60 Jesse
645 3643 274 61 Roberts
967 3642 207 63 called
1222 3642 108 63 the
1377 3640 180 64 class
1603 3643 298 75 together
1950 3645 255 81 leading
2253 3664 171 63 song
2476 3666 79 61 on
2608 3666 169 64 page
2823 3651 135 79 316.

171 3744 318 60 Leaders:
564 3741 211 63 Karen
849 3739 165 75 Ivey,
1090 3739 168 75 (AL),
1336 3741 148 73 181;
1552 3738 174 76 John
1797 3741 331 73 Schaffer,
2203 3747 195 75 (CO),
2530 3751 157 70 332;
2757 3747 205 76 Phillip

169 3841 298 76 Langley,
522 3841 150 76 542;
727 3838 135 79 Sue
916 3835 273 82 Kessell,
1242 3837 150 81 36b;
1447 3835 100 82 Bill
1600 3835 157 82 Holt,
1818 3840 145 78 126;
2016 3841 237 76 Allison
2305 3846 129 72 and
2488 3847 270 70 Richard
2812 3847 145 73 Ivey,

169 3942 147 67 153;
375 3937 102 72 Bill
532 3936 238 73 Green,
826 3936 153 73 432;
1030 3933 273 76 Andrew
1351 3931 226 78 Albers
1633 3933 165 76 (Wl),
1855 3937 151 72 225;
2065 3939 243 78 Margie
2361 3943 225 73 Smith,
2647 3946 144 70 112;
2845 3943 115 73 Lee

166 4038 219 73 Beaty,
439 4038 153 73 480;
646 4032 127 79 Kim
826 4030 223 81 Cagle,
1102 4032 106 79 32;
1263 4029 199 82 Paula
1512 4029 292 82 McGray,
1857 4035 154 76 365;
2065 4035 189 76 Norm
2307 4039 253 73 Kanter,
2620 4045 145 69 146;
2818 4042 141 72 Pam

160 4135 268 70 Adams,
483 4134 151 72 203.

162 4233 297 64 RECESS.

328 4332 133 60 The
501 4330 178 61 class
715 4342 136 49 was
895 4323 441 69 reassembled
1380 4323 75 73 by
1492 4323 127 73 Jeff
1660 4323 334 79 Sheppard
2040 4329 250 79 leading
2331 4350 168 63 song
2539 4354 84 58 on
2664 4356 169 61 page
2874 4339 90 78 46.

160 4431 232 63 Marcia
432 4428 297 66 Johnson
774 4423 123 70 and
943 4422 187 73 Emily
1173 4420 250 75 Collins,
1470 4420 144 75 76b.
1659 4420 51 75 A
1752 4425 319 70 memorial
2118 4428 225 67 lesson
2383 4447 141 48 was
2569 4435 142 61 held
2757 4444 61 52 at
2856 4435 111 61 this

156 4531 165 60 time.
364 4527 133 64 The
538 4522 304 75 following
883 4518 417 79 composition
1344 4518 76 79 by
1462 4516 261 81 Kathlen
1767 4516 228 81 Kuiper
2032 4524 66 73 of
2136 4525 307 78 Chicago,
2527 4533 318 79 reflecting
2887 4548 72 64 on

154 4630 105 60 the
300 4624 261 66 traditon
601 4621 66 69 of
702 4620 105 70 the
849 4615 315 75 memorial
1206 4615 219 75 lesson
1468 4662 12 28 ,
1519 4629 136 61 was
1698 4615 150 75 read
1888 4623 61 67 to
1990 4618 105 72 the
2136 4621 177 69 class
2353 4624 81 76 by
2475 4627 63 73 B.
2586 4629 78 72 M.
2709 4633 211 67 Smith.

1516 4713 82 55 52
