3150 4950
1008 199 181 60 Twas
1215 216 79 43 on
1320 201 129 58 that
1471 199 123 76 day
1615 199 153 76 we'd
1797 198 216 78 gather
2037 195 124 81 and

1125 298 97 58 On
1251 298 139 58 God
1419 313 109 43 our
1552 297 204 76 praise
1783 297 256 76 bestow.

1003 493 112 60 For
1138 499 123 54 text
1281 510 96 43 we
1407 493 159 60 used
1591 493 105 60 the
1722 489 238 64 Sacred
1990 489 178 76 Harp,

1180 592 90 58 An
1299 591 223 76 oblong
1551 589 166 78 book
1741 589 63 78 of
1825 589 168 78 fame

999 690 363 75 Containing
1389 688 136 76 only
1551 688 133 76 four
1707 685 249 79 shaped
1983 690 202 75 notes,

1200 787 99 69 Fa,
1329 786 112 70 sol,
1471 786 73 70 la,
1575 786 75 70 mi
1677 786 78 73 by
1782 799 205 60 name.

1042 982 129 58 The
1200 982 211 58 leader
1432 981 204 60 struck
1663 979 93 61 his
1782 979 204 76 tuning
2013 978 127 78 fork

1072 1080 133 58 And
1233 1078 241 78 pitched
1503 1078 102 78 the
1632 1078 123 78 first
1776 1077 96 79 full
1899 1077 210 79 chord;

979 1177 114 58 We
1119 1177 229 76 caught
1371 1177 105 76 the
1498 1182 150 72 tone
1672 1176 91 78 for
1788 1191 109 63 our
1921 1191 135 63 own
2083 1180 130 73 part

1072 1275 130 58 And
1230 1273 288 60 forthwith
1545 1273 247 76 praised
1819 1273 103 76 the
1953 1273 165 76 Lord.

1029 1470 54 60 In
1111 1470 294 75 harmony
1431 1470 127 75 that
1582 1470 252 75 swelled
1863 1470 102 75 the
1995 1486 166 58 room

1153 1569 130 58 And
1315 1569 186 58 made
1525 1569 105 58 the
1659 1569 211 60 rafters
1900 1569 141 78 ring!

958 1668 151 58 With
1140 1674 277 52 reverent
1441 1668 178 58 souls
1645 1668 121 58 and
1797 1668 202 76 happy
2029 1668 207 76 hearts

1221 1765 112 60 We
1360 1765 97 60 did
1488 1765 303 60 Hosanna
1815 1765 157 78 sing!

181 1962 207 60 Wade
442 1962 196 70 Price,
699 1963 145 69 171;
898 1962 127 70 Leo
1074 1962 225 70 Owen,
1351 1965 151 67 341;
1557 1962 199 70 Frank
1806 1963 196 70 Price,
2058 1965 105 69 64;
2214 1963 168 75 Kelly
2434 1965 223 73 Beard,
2710 1966 99 72 73;
2854 1966 112 72 Joe

183 2061 226 69 Owen,
463 2062 154 67 540;
673 2059 192 70 Peter
915 2059 277 70 Nichols,
1254 2062 145 69 119;
1455 2061 196 70 David
1707 2061 384 70 Polacheck,
2143 2064 150 69 492;
2346 2062 66 70 Al
2511 2062 268 76 Rogera,
2832 2065 133 73 572;

186 2158 190 73 Floyd
436 2158 283 73 Screws,
781 2160 103 72 77;
940 2158 174 73 John
1173 2158 240 73 Morris,
1470 2161 153 70 332;
1677 2158 171 73 John
1906 2160 228 72 Beard,
2190 2161 150 70 218.
2403 2160 63 72 B.
2526 2160 64 72 E.
2650 2161 315 70 Matthews

183 2256 151 58 then
388 2254 102 60 led
540 2256 109 58 the
697 2256 249 76 closing
999 2272 168 60 song
1218 2272 82 60 on
1350 2272 172 60 page
1575 2259 82 73 62
1707 2257 126 75 and
1882 2257 108 75 the
2037 2257 181 75 class
2262 2274 141 58 was
2449 2257 345 75 dismissed
2839 2260 124 72 with

184 2368 226 63 prayer
453 2353 79 78 by
579 2353 201 78 Frank
862 2353 196 78 Price.

1240 2452 334 70 SUNDAY,
1602 2452 220 70 APRIL
1846 2455 97 67 30.

420 2551 138 60 The
613 2551 406 60 Convention
1074 2568 141 43 was
1267 2551 208 60 called
1528 2557 63 54 to
1647 2553 187 58 order
1885 2568 81 43 on
2022 2553 265 75 Sunday
2341 2559 64 69 at
2458 2554 147 73 9:30
2659 2553 78 75 by
2790 2553 60 75 B.
2904 2553 55 75 E.

186 2650 342 60 Matthews
577 2650 253 76 leading
882 2667 168 60 song
1101 2667 79 60 on
1231 2667 172 60 page
1452 2653 102 73 27.
1608 2650 132 76 The
1791 2650 279 76 morning
2121 2667 223 60 prayer
2385 2667 139 60 was
2574 2650 96 76 led
2719 2652 75 75 by
2841 2652 120 75 Don

186 2751 193 69 Ross,
429 2749 94 70 He
568 2749 141 70 also
756 2749 96 70 led
895 2764 166 60 song
1107 2764 81 60 on
1231 2764 171 60 page
1443 2751 147 73 470.
1638 2749 301 75 Leaders:
1981 2749 153 75 Tom
2176 2749 217 75 Owen,
2440 2751 69 73 91
2565 2749 121 75 and
2728 2751 120 73 507
2886 2748 79 76 for

186 2847 270 60 Richard
508 2847 262 60 Daniels
817 2847 120 69 Sr.;
979 2847 171 69 John
1200 2847 219 69 Baker,
1474 2848 144 67 155;
1669 2845 166 70 Leon
1887 2845 322 76 Ballinger,
2259 2848 150 73 384;
2455 2845 261 76 Lawson
2763 2844 196 78 Smith,

183 2947 150 69 434;
382 2944 201 72 Lewis
627 2944 450 76 Vaughn,549;
1123 2943 64 78 Al
1239 2943 265 78 Rogers,
1554 2947 148 73 500;
1749 2943 168 78 Gary
1965 2943 244 78 Rogan,
2262 2944 144 76 137;
2454 2943 87 78 Ed
2586 2941 198 79 Craig,
2829 2944 132 76 225;

184 3043 249 75 Gaylon
483 3042 249 76 Powell,
783 3043 150 75 383;
984 3042 199 76 Diane
1233 3040 192 78 Ross,
1473 3040 195 78 245b;
1717 3040 240 78 Emmie
2007 3040 234 78 Morris,
2290 3043 148 75 501;
2487 3040 228 78 Leland
2760 3040 199 78 Owen,

183 3145 151 67 330;
393 3141 271 72 Arnevis
724 3139 255 73 Norton,
1039 3141 151 72 215;
1249 3138 187 75 Louis
1492 3136 220 76 Smith,
1777 3139 148 73 172;
1986 3138 136 75 Burl
2182 3138 277 75 Russell,
2518 3139 150 73 418;
2725 3135 235 78 Mildred

186 3238 348 70 Edmonds,
579 3240 148 69 573;
775 3235 205 73 Edwin
1026 3235 199 73 Reed,
1270 3237 148 72 341;
1458 3234 219 75 Junior
1713 3234 217 75 Smith,
1981 3237 144 72 192;
2170 3235 135 73 Don
2352 3235 189 73 Ross,
2584 3237 144 72 369.

186 3337 295 60 RECESS.

333 3435 153 60 Tom
522 3433 199 61 Owen
759 3430 264 76 brought
1054 3430 103 76 the
1194 3429 174 78 class
1402 3435 61 72 to
1498 3427 181 79 order
1713 3427 247 79 leading
1995 3445 166 61 song
2200 3447 79 60 on
2316 3447 169 61 page
2550 3433 100 75 85.
2689 3429 271 79 Leaders:

183 3535 268 75 George
514 3532 238 78 Jones,
822 3531 153 79 329;
1039 3528 235 82 James
1336 3526 237 84 Jones,
1641 3528 156 82 421;
1864 3526 195 84 Floyd
2125 3529 285 81 Screws,
2484 3532 148 78 100;
2694 3526 273 84 Jennifer

184 3634 253 75 Rogan,
507 3631 148 78 196;
715 3627 130 82 Jeb
904 3627 225 82 Owen,
1200 3627 145 82 186;
1405 3622 205 87 Abbie
1674 3624 241 85 Morris,
1978 3628 157 81 358;
2194 3627 265 82 Joshua
2520 3628 247 81 Rogan,
2827 3625 135 84 401;

180 3729 300 61 Amanda
534 3727 226 67 Owen,
828 3726 147 69 171;
1035 3721 292 73 Michelle
1387 3721 249 75 Rogan,
1696 3723 153 73 274;
1911 3723 331 73 Elizabeth
2304 3726 229 76 Rogan
2592 3724 126 78 and
2775 3720 189 82 Sarah

181 3829 270 67 Coates,
510 3825 151 72 36b;
720 3820 198 76 David
975 3819 384 78 Polacheck,
1416 3817 151 79 47b;
1624 3817 231 79 Landis
1914 3820 253 76 Powell,
2223 3825 108 72 47;
2382 3823 169 73 Julie
2602 3823 217 73 Watts,
2871 3822 93 75 45;

183 3925 199 63 Kevin
460 3921 261 70 Powell,
799 3921 156 70 408;
1032 3918 208 73 Bruce
1315 3916 277 75 Coates,
1666 3916 157 75 442;
1896 3918 178 73 John
2152 3921 249 72 Morris,
2476 3924 157 69 290;
2712 3918 256 75 Patricia

181 4026 283 66 Kattner,
535 4021 150 70 164;
754 4015 273 76 Bernice
1092 4014 229 78 Cottle,
1390 4014 105 78 61;
1558 4012 177 79 Alcie
1800 4014 214 78 Craig,
2080 4018 157 73 447;
2298 4018 177 73 John
2544 4018 229 73 Beard,
2841 4018 132 73 145;

181 4120 268 75 Beverly
514 4119 228 76 Coats,
807 4116 132 79 532
1003 4113 54 82 in
1122 4126 285 69 memory
1470 4108 66 87 of
1594 4108 217 87 Grady
1875 4111 306 84 McLeod.
2305 4117 118 78 For
2481 4117 112 78 the
2658 4111 309 84 memorial

177 4219 250 63 service
469 4218 93 64 for
603 4215 106 67 the
751 4212 252 76 singers
1047 4209 124 79 and
1213 4207 237 81 friends
1492 4206 66 82 of
1594 4207 106 81 the
1743 4207 292 81 singings
2113 4213 144 75 who
2302 4215 166 73 have
2514 4215 249 78 passed
2808 4225 160 67 away

177 4318 214 76 during
429 4315 106 79 the
576 4312 117 82 last
727 4324 169 70 year,
936 4308 151 87 Tom
1125 4306 196 88 Owen
1395 4303 148 91 read
1581 4303 151 91 from
1770 4305 106 90 the
1914 4306 169 88 book
2119 4309 64 85 of
2223 4309 223 85 Isaiah,
2487 4314 126 81 and
2652 4312 196 82 called
2884 4309 91 85 the

180 4432 228 48 names
448 4413 66 67 of
547 4411 106 69 the
693 4405 334 75 deceased
1068 4420 78 60 as
1183 4402 258 78 follows:
1485 4401 219 79 Lumer
1740 4401 216 79 Kellar,
1999 4405 211 76 Grady
2253 4408 294 73 McLeod,
2595 4411 202 76 Hardy

1536 4698 82 57 56
