3150 4950
202 207 93 61 for
336 208 145 61 Lola
519 211 270 61 Jenkins
828 213 144 60 who
1011 229 169 43 were
1225 213 66 60 ill.
1338 211 171 61 Cecil
1555 210 300 63 Edwards
1899 207 127 66 and
2074 204 204 73 Harvy
2320 198 220 79 Austin
2589 189 102 88 led
2734 204 163 73 song
2937 208 64 69 on

204 322 171 64 page
420 310 121 76 103
580 310 94 76 for
709 312 106 75 the
855 312 244 78 closing
1141 327 163 63 song
1348 310 124 79 and
1516 307 325 82 Chaplain,
1885 304 234 85 Walter
2158 297 291 93 Hamrick
2491 291 100 99 led
2634 288 111 102 the
2784 288 214 102 closing

204 421 273 63 prayer.

1216 507 333 70 SUNDAY,
1579 502 318 75 AUGUST
1921 504 84 73 20

381 606 99 60 On
522 606 265 76 Sunday
831 607 277 76 morning
1149 607 108 76 the
1296 604 381 79 convention
1722 600 255 84 opened
2020 597 139 87 with
2205 592 172 91 Cecil
2425 588 306 96 Edwards
2773 588 219 96 leading

202 717 208 63 songs
456 720 82 60 on
582 720 213 61 pages
840 706 70 75 61
967 705 123 76 and
1135 706 103 75 89.
1285 703 133 78 The
1465 700 280 81 morning
1791 712 228 69 prayer
2059 708 139 73 was
2247 690 100 91 led
2394 688 81 93 by
2521 687 199 94 Lewis
2766 687 222 94 Norton.

205 798 310 61 Leaders:
577 801 252 75 Harvey
886 801 244 75 Austin,
1197 802 147 73 101,
1404 801 154 75 378;
1617 796 235 79 Walter
1911 790 318 85 Hamrick,
2290 787 154 88 274,
2508 786 156 90 275;
2724 784 163 91 Mary
2938 792 48 84 F.

204 895 222 70 Smith,
487 900 153 67 271,
700 900 153 67 325;
912 897 177 70 Alice
1149 895 330 72 Edwards,
1539 894 154 73 49b;
1753 891 261 76 William
2077 883 325 84 Headrick
2460 883 153 84 209,
2673 885 148 82 208;
2878 886 114 81 Don

205 991 256 70 Bowen,
516 994 310 69 283,517;
880 993 258 70 Cheron
1189 991 172 72 Orth,
1416 991 150 72 268,
1620 990 153 73 300;
1825 985 277 78 Charles
2155 981 211 82 Creel,
2421 981 153 82 438,
2632 982 144 81 174;
2827 982 159 81 Lydia

205 1087 289 72 Baswell,
546 1092 148 67 418,
745 1090 108 69 36;
900 1087 231 73 Jimmy
1180 1087 288 73 Denney,
1522 1087 103 73 48,
1677 1086 108 75 84;
1836 1083 175 78 Revy
2061 1080 412 81 Williamson,
2533 1080 142 81 102,
2730 1081 133 79 139.

204 1185 295 61 RECESS.

417 1284 172 58 Cecil
642 1282 306 60 Edwards
997 1281 207 61 called
1252 1281 109 61 the
1408 1279 181 63 class
1636 1278 300 76 together
1984 1275 256 79 leading
2290 1290 171 64 song
2514 1290 79 64 on
2644 1291 166 63 page
2857 1282 120 72 112.

204 1378 309 61 Leaders:
567 1380 264 76 Geroge
883 1378 267 78 Garner,
1204 1378 151 78 269,
1411 1378 153 78 434;
1621 1375 187 81 Ester
1855 1374 175 82 Wall,
2094 1375 147 81 123;
2298 1372 64 84 E.
2421 1372 70 84 C.
2550 1374 250 82 Bowen,
2851 1381 124 75 543,

201 1479 148 67 527;
402 1477 238 76 Margie
690 1476 219 78 Smith,
957 1477 106 76 30,
1111 1477 106 76 32;
1269 1474 253 79 Carlton
1569 1473 226 81 Wood,
1843 1474 150 79 340,
2046 1474 148 79 313.

204 1573 294 60 RECESS.

352 1671 132 58 The
517 1671 177 58 class
733 1669 295 60 resumed
1066 1669 244 76 singing
1344 1669 138 76 with
1521 1669 168 76 Cecil
1729 1669 300 76 Edwards
2067 1669 246 78 leading
2350 1686 165 61 song
2554 1686 78 61 on
2668 1687 159 63 page
2863 1677 114 73 135.

202 1767 157 75 Hoyt
405 1768 297 73 Renfore,
747 1770 148 72 398,
940 1770 148 72 389.
1137 1767 49 75 A
1228 1768 321 73 memorial
1597 1767 222 75 lesson
1863 1783 138 58 was
2047 1768 142 73 held
2236 1774 63 67 at
2340 1768 121 73 this
2502 1768 145 73 time
2689 1770 87 72 for
2811 1773 162 69 those

198 1864 142 60 who
388 1866 168 58 have
601 1864 253 76 passed
903 1881 181 60 away
1128 1864 184 76 since
1362 1866 120 75 last
1524 1881 174 60 year.
1746 1866 304 75 Whether
2091 1882 124 60 you
2263 1867 186 75 know
2490 1867 189 75 these
2722 1870 121 72 that
2883 1887 90 55 are

198 1962 223 70 called,
462 1978 99 54 we
600 1978 109 54 are
747 1962 145 78 glad
931 1969 64 70 to
1033 1963 138 76 sing
1216 1963 52 76 in
1308 1963 156 76 their
1503 1980 297 60 memory.
1839 1965 205 75 There
2085 1981 109 58 are
2235 1981 186 60 many
2455 1966 142 75 who
2638 1966 154 75 have
2829 1969 141 72 been

198 2059 207 58 called
454 2059 156 60 from
660 2076 115 43 our
823 2059 187 60 midst
1059 2061 127 58 and
1233 2077 99 43 we
1383 2062 157 58 miss
1588 2062 153 60 then
1789 2079 150 58 very
1990 2064 207 73 much.
2253 2064 133 73 But,
2436 2080 97 57 we
2581 2065 240 72 believe
2863 2068 108 69 that

199 2170 114 45 our
358 2157 135 58 loss
543 2157 51 58 is
639 2157 157 58 their
838 2158 240 58 eternal
1126 2158 147 76 gain
1320 2160 126 75 and
1494 2160 156 75 their
1692 2160 183 75 souls
1923 2176 109 58 are
2079 2167 61 67 at
2188 2169 129 66 rest
2359 2163 154 72 from
2560 2163 103 72 the
2707 2179 174 55 cares
2920 2166 51 69 of

198 2251 120 60 this
361 2253 208 60 world.
616 2253 114 60 We
778 2256 414 58 recommend
1237 2256 130 58 that
1411 2272 39 43 a
1497 2257 222 58 lesson
1765 2257 82 58 be
1890 2274 168 61 sung
2106 2259 52 76 in
2205 2259 156 76 their
2403 2275 277 60 memory
2722 2262 114 73 and
2877 2262 96 73 this

201 2350 321 58 memorial
568 2350 82 58 be
697 2352 192 58 made
934 2367 40 43 a
1018 2359 133 69 part
1195 2353 66 75 of
1300 2353 106 75 the
1455 2355 271 73 minutes
1771 2356 66 72 of
1876 2356 121 72 this
2041 2358 402 70 convention.
2494 2358 177 76 Hugh
2718 2359 250 75 McGraw

199 2446 100 60 led
360 2463 175 61 page
598 2449 126 75 124
780 2449 96 75 for
933 2449 271 75 Howard
1266 2451 213 73 Hicks,
1542 2452 235 72 Bertha
1836 2454 268 76 Kilgore,
2164 2455 226 76 Agnes
2452 2455 253 76 Bowen,
2761 2457 210 75 Wayne

199 2544 213 70 Davis,
459 2545 202 69 Annie
708 2545 241 78 Harper
993 2548 126 75 and
1167 2548 177 75 Ruby
1389 2550 271 73 Conwill.
1713 2551 267 72 Mozelle
2026 2553 358 76 Sheppard,
2437 2553 33 76 I.
2517 2554 66 75 V.
2632 2554 340 75 McWhorter

198 2641 126 58 and
373 2641 171 76 Mary
592 2643 61 75 F.
703 2643 198 75 Smith
951 2644 97 73 led
1095 2647 130 70 383
1272 2647 126 70 and
1443 2650 129 67 285
1617 2649 93 69 for
1752 2649 198 69 Stella
1996 2650 403 70 McWhorter;
2448 2650 226 70 Walter
2716 2650 247 70 Hamrick

198 2739 99 60 led
351 2740 129 60 68b
531 2742 127 58 and
715 2743 124 58 134
892 2742 55 60 in
1002 2760 282 60 memory
1378 2745 66 75 of
1488 2746 123 75 Joy
1662 2746 264 75 Garner,
1983 2748 151 73 Paul
2188 2749 126 72 and
2368 2749 372 72 Cornelious
2790 2748 172 73 Pruitt;

198 2836 208 61 Milton
454 2839 211 60 Oliver
712 2839 99 60 led
865 2842 124 58 134
1039 2841 52 60 in
1144 2859 282 60 memory
1473 2844 64 75 of
1579 2844 76 75 O.
1710 2845 67 73 D.
1827 2845 228 73 Oliver,
2107 2847 256 72 Monnie
2409 2847 208 72 Oliver
2659 2847 118 72 and
2823 2845 139 75 Sally

196 2937 334 61 Chandler.
573 2938 117 60 For
721 2940 105 58 the
862 2940 133 60 sick
1033 2941 123 58 and
1194 2943 147 58 shut
1375 2976 21 25 -
1434 2943 52 60 in
1527 2992 10 21 ,
1581 2943 241 76 Harvey
1857 2944 213 75 Austin
2110 2946 96 73 led
2244 2962 165 61 song
2448 2962 78 61 on
2565 2962 162 61 page
2760 2947 91 76 30.

198 3034 393 61 DISMISSED
615 3037 150 60 FOR
787 3037 261 61 LUNCH.

372 3135 133 60 The
547 3135 330 61 afternoon
919 3138 265 60 session
1224 3154 138 43 was
1402 3138 265 78 brought
1707 3145 63 70 to
1810 3141 184 75 order
2029 3142 138 73 with
2212 3142 244 75 Harvey
2496 3142 210 75 Austin
2748 3139 211 78 leading

193 3249 166 61 song
405 3250 79 60 on
529 3250 172 61 page
741 3237 148 75 335.
936 3235 301 76 Leaders:
1281 3237 64 75 B.
1393 3237 76 75 M.
1515 3237 216 75 Smith,
1776 3241 147 70 486,
1968 3243 148 69 510;
2161 3241 259 70 Shelbie
2461 3240 345 78 Sheppard,
2845 3241 117 76 505,

193 3334 157 69 522;
430 3333 282 70 Richard
790 3333 306 78 DeLong,
1177 3336 148 75 131,
1402 3336 157 75 271;
1638 3336 330 78 Daphene
2043 3339 298 76 Causey,
2418 3342 154 73 431,
2646 3340 148 75 306;
2857 3334 111 81 Jeff

193 3430 369 78 Sheppard,
621 3433 150 75 448,
828 3433 153 75 45b;
1038 3433 322 75 Charlene
1414 3433 306 75 Wallace,
1777 3438 148 70 382,
1986 3439 153 69 386;
2191 3439 181 75 Jerry
2427 3438 355 78 Sheppard,
2835 3435 121 81 524,

192 3531 154 67 556;
409 3529 237 75 Evelyn
708 3529 234 75 Harris,
958 3532 144 72 129,
1162 3532 105 72 82.

195 3625 295 58 RECESS.

342 3721 132 58 The
507 3721 177 60 class
717 3738 138 43 was
888 3721 201 60 called
1123 3727 63 54 to
1221 3721 181 60 order
1434 3721 76 73 by
1546 3723 168 72 Cecil
1753 3723 300 72 Edwards
2091 3727 247 78 leading
2376 3745 165 61 song
2577 3745 79 61 on
2691 3742 156 64 page
2877 3724 78 82 97.

192 3817 309 60 Leaders:
558 3819 205 58 Leslie
816 3819 223 69 Cates,
1095 3820 102 67 99,
1255 3820 145 67 155;
1453 3819 208 69 Curtis
1714 3820 390 73 McLendon,
2164 3828 147 69 141,
2364 3829 153 70 323;
2569 3828 180 72 Vena
2796 3822 159 78 Holly,

190 3916 102 70 67,
351 3918 108 69 27;
516 3916 172 70 Cecil
747 3916 327 70 Edwards,
1134 3918 147 69 199;
1339 3915 141 75 Billy
1531 3916 126 73 Joe
1714 3916 231 73 Harris,
2001 3922 151 70 314,
2211 3925 199 72 452b;
2469 3927 156 70 Eula
2671 3925 283 72 Johnson,

187 4015 153 69 215;
393 4014 168 70 Luke
607 4015 196 70 Allen,
864 4015 301 70 147,111;
1216 4012 250 73 Lovella
1516 4014 163 72 Kerr,
1731 4018 151 69 410;
1939 4017 33 70 I.
2023 4018 69 69 V.
2149 4021 411 76 McWhorter,
2613 4027 102 70 74;
2766 4020 192 78 Louise

186 4111 199 72 Allen,
438 4114 154 70 212;
646 4113 288 72 Leonard
988 4113 165 72 Kerr,
1209 4113 100 72 79,
1363 4113 151 72 341;
1570 4111 141 73 Lois
1764 4113 324 75 Bowman,
2148 4120 186 67 Dean
2388 4123 267 72 Nelson,
2709 4114 247 81 Leonard

187 4210 127 58 and
364 4210 208 76 Henry
621 4210 166 76 Kerr,
835 4212 148 75 274,
1039 4210 141 76 119,
1231 4210 105 76 42;
1386 4209 198 78 Lewis
1632 4210 255 76 Norton,
1935 4215 132 72 39b
2113 4216 94 70 for
2254 4219 238 67 Leman
2544 4224 234 63 Brown.
2826 4212 136 75 Cecil

189 4306 325 73 Edwards,
565 4309 171 70 Alice
787 4308 303 72 Edwards
1138 4308 124 72 and
1312 4306 232 73 Hester
1591 4308 303 72 Edwards
1945 4312 99 67 led
2094 4330 169 64 song
2313 4335 82 60 on
2446 4338 175 63 page
2673 4326 136 75 100.
2853 4315 105 85 The

184 4405 246 78 closing
477 4422 168 63 song
691 4423 139 61 was
877 4407 97 78 led
1023 4407 78 78 by
1147 4405 169 79 Cecil
1366 4405 280 79 Edward,
1699 4407 246 78 Harvey
1990 4411 219 73 Austin
2259 4419 127 66 and
2434 4420 234 64 Walter
2713 4413 246 72 Hamrick

187 4504 252 78 leading
486 4522 168 61 song
702 4521 82 63 on
832 4521 171 63 page
1050 4506 100 78 62.
1201 4503 132 81 The
1377 4503 180 81 class
1599 4521 139 63 was
1783 4507 352 76 dismissed
2182 4515 139 69 with
2371 4533 231 63 prayer
2646 4522 79 78 by
2769 4516 192 84 Walter

186 4602 321 63 Hamrick.

1530 4702 120 58 128
