3177 4966
216 171 165 64 Alcie
447 171 222 85 Craig,
742 186 204 78 145b;
1011 195 139 69 Ted
1219 202 274 75 Mercer,
1561 211 156 69 500;
1785 211 322 69 Kathleen
2172 211 189 70 Thro,
2427 214 157 69 335;
2653 214 151 75 Billy
2865 214 130 75 Joe

177 271 202 72 Harris,
433 271 159 76 452;
649 279 156 69 Dick
859 288 156 76 Nail,
1071 298 154 73 300;
1281 301 231 70 Ginnie
1566 306 126 76 Ely,
1746 309 153 73 454;
1953 307 243 75 Cassie
2250 309 306 73 Franklin,
2613 312 105 70 75;
2775 312 220 70 Flarce

177 372 175 70 Creel,
397 372 154 73 219;
598 375 160 70 Pam
801 385 268 79 Adams,
1122 399 147 72 181;
1312 400 190 70 Willie
1548 403 147 67 Mae
1738 405 213 70 Moon,
1996 408 151 69 568;
2193 406 90 70 Ed
2328 406 204 76 Craig,
2577 409 198 73 348b;
2821 408 186 75 Ester

175 471 148 72 Wall,
387 472 151 70 111;
595 475 246 67 James
900 487 256 76 Collett,
1218 499 109 69 45;
1390 499 267 69 Lurleen
1719 502 232 69 Heath,
2013 505 156 67 340;
2229 504 259 69 Chares
2548 504 228 70 Farris,
2836 507 156 69 299;

180 571 237 64 Delores
462 568 318 81 McGraw,
828 583 151 75 30b;
1030 588 156 70 Lora
1231 594 213 79 Cargo
1509 598 105 75 32.

180 669 264 67 RECESS.

355 769 133 61 The
535 771 186 63 class
768 792 144 48 was
958 783 279 82 brought
1281 793 300 76 together
1626 795 81 75 by
1755 795 273 75 Preston
2077 795 129 75 and
2253 796 168 73 Aver
2467 796 219 73 Crider
2734 798 255 79 leading

180 886 180 63 songs
411 883 82 66 on
547 886 220 63 pages
820 879 154 73 213,
1032 886 132 66 408
1219 891 129 61 and
1404 894 150 58 234.
1612 892 312 60 Leaders:
1981 894 211 75 Henry
2242 894 327 75 Johnson,
2626 897 108 72 81;
2793 897 196 72 Marie

181 970 243 70 Guthrie,
472 972 153 70 446;
676 972 225 81 Peggy
951 979 342 81 Bergman,
1342 990 151 70 318;
1543 988 204 78 Ralph
1795 990 226 76 Heath,
2073 991 106 75 94;
2229 991 291 75 Leonard
2566 994 127 72 and
2745 994 253 72 Maxine

183 1071 151 76 Lacy,
375 1071 145 76 290,
567 1071 150 76 76b;
765 1072 279 75 Melanie
1087 1083 249 73 Culver,
1381 1089 148 67 361.
1575 1086 133 70 The
1753 1090 322 66 memorial
2122 1090 225 66 lesson
2389 1107 141 49 was
2575 1092 144 64 held
2763 1099 64 57 at
2866 1093 121 63 this

180 1171 136 60 time.
358 1168 255 63 Shelbie
655 1170 343 81 Sheppard
1081 1182 166 69 used
1291 1197 39 54 a
1369 1185 232 66 candle
1642 1186 126 64 and
1810 1186 210 64 doves
2062 1204 78 46 as
2184 1204 39 46 a
2259 1189 249 75 symbol
2551 1189 63 75 of
2656 1191 157 73 love,
2863 1191 123 73 and

183 1269 123 61 read
342 1267 148 63 from
534 1269 255 63 Psalms
832 1273 148 61 116:
1027 1278 22 58 1
1068 1281 85 57 -9.
1198 1279 168 61 Love
1404 1282 108 60 the
1555 1282 171 72 Lord,
1771 1284 297 70 because
2110 1287 81 67 he
2235 1287 147 67 hath
2425 1288 198 66 heard
2665 1305 100 60 my
2802 1290 186 75 voice

181 1368 100 61 and
322 1384 93 58 my
456 1368 481 79 supplications.
1024 1374 306 73 Because
1375 1380 81 67 he
1503 1381 147 66 hath
1696 1381 265 66 inclined
2008 1384 97 63 his
2146 1401 117 46 ear
2304 1393 150 54 unto
2499 1404 121 54 me,
2665 1387 321 70 therefore

180 1467 84 61 will
304 1467 10 61 I
354 1465 109 63 call
507 1483 168 61 upon
718 1468 121 76 him
885 1486 78 58 as
1006 1473 144 78 long
1195 1491 78 60 as
1318 1477 12 73 I
1375 1477 132 73 live.
1552 1479 132 72 The
1761 1497 279 54 sorrows
2079 1483 66 67 of
2182 1485 195 66 death
2419 1488 405 75 compassed
2869 1504 121 58 me,

181 1566 102 61 and
322 1566 102 61 the
471 1567 187 76 pains
703 1569 66 75 of
813 1569 120 75 hell
978 1578 111 72 gat
1137 1573 144 76 hold
1332 1591 169 61 upon
1552 1593 126 60 me:
1728 1579 12 73 I
1788 1579 196 73 found
2031 1582 246 70 trouble
2323 1584 127 69 and
2497 1600 259 52 sorrow.
2805 1587 178 66 Then

180 1665 169 63 called
391 1665 10 63 I
441 1665 178 79 Upon
658 1668 109 76 the
807 1686 190 58 name
1038 1672 64 72 of
1137 1672 106 72 the
1285 1674 174 73 Lord;
1495 1677 60 70 O
1593 1677 174 73 Lord,
1812 1678 12 72 I
1864 1680 297 70 beseech
2199 1683 171 72 thee,
2410 1683 235 72 deliver
2683 1701 99 61 my
2818 1687 163 75 soul.

183 1765 282 61 Gracious
517 1765 52 61 is
619 1768 109 60 the
784 1768 175 73 Lord,
1017 1773 127 69 and
1203 1773 354 78 righteous;
1609 1794 147 58 yea,
1815 1795 117 57 our
1978 1780 148 72 God
2181 1782 54 70 is
2287 1783 304 69 merciful.
2644 1785 138 67 The
2838 1785 153 67 Lord

180 1864 336 75 preserveth
558 1866 108 73 the
706 1866 252 79 simple:
1008 1869 10 76 I
1063 1885 139 60 was
1246 1872 270 79 brought
1558 1875 133 76 low,
1738 1876 129 75 and
1914 1878 81 73 he
2040 1878 234 79 helped
2320 1897 124 60 me.
2493 1882 234 75 Return
2770 1890 63 67 to
2875 1884 108 73 the

181 1966 118 64 rest,
342 1962 55 69 O
438 1977 97 60 my
576 1965 165 72 soul;
784 1966 94 70 for
919 1968 106 69 the
1071 1968 154 69 Lord
1272 1971 147 66 hath
1462 1972 172 64 dealt
1678 1974 361 78 bountifully
2079 1978 141 73 with
2262 1980 174 72 thee.
2485 1980 117 72 For
2640 1981 151 70 thou
2836 1981 148 70 hast

178 2056 291 64 delivered
529 2076 99 60 my
682 2064 147 72 soul
886 2064 159 72 from
1101 2067 223 72 death,
1386 2070 171 69 mine
1609 2088 171 58 eyes
1836 2071 160 75 from
2052 2080 180 66 tears
2287 2076 129 70 and
2478 2094 99 58 my
2632 2077 136 75 feet
2821 2079 159 73 from

178 2155 198 79 falling.
441 2158 10 76 I
507 2160 111 75 will
673 2163 163 72 walk
892 2164 229 70 before
1179 2167 111 67 the
1348 2167 156 67 Lord
1564 2170 55 64 in
1681 2170 147 64 land
1888 2172 66 63 of
2007 2173 111 61 the
2176 2175 204 76 living.
2443 2176 250 75 Names
2752 2178 66 73 of
2871 2178 109 73 the

177 2253 307 64 deceased
534 2275 172 45 were
757 2262 156 60 read
969 2313 12 10 .
1035 2263 181 61 From
1266 2265 337 64 Alabama.
1660 2269 160 60 Fred
1876 2271 261 73 Battles,
2196 2272 237 72 Bessie
2485 2274 238 72 Crider;
2776 2275 202 70 Annie

178 2355 226 78 Harper;
454 2356 180 78 Ruby
681 2361 279 73 Conwill,
1012 2362 222 72 Belton
1285 2365 130 72 Nix,
1467 2367 168 70 Vera
1683 2370 205 70 Nunn,
1936 2371 237 69 James
2223 2373 204 70 Nunn,
2476 2373 204 70 Violet
2728 2374 247 72 Hinton,

178 2452 112 61 Don
340 2455 291 73 Heidorn,
688 2458 90 70 Mr
828 2461 127 67 and
1011 2461 129 67 Mrs
1191 2464 250 64 Clinton
1494 2467 304 70 Gilmore;
1854 2469 183 69 Dean
2089 2469 385 72 Alexander,
2532 2472 198 75 Patsy
2779 2473 204 73 Cook,

178 2550 97 61 Mrs
313 2553 196 63 Elmer
547 2556 321 75 Kitchens,
915 2560 123 70 Lou
1084 2562 129 69 Dell
1257 2562 126 73 Hill,
1426 2565 121 70 Gib
1588 2565 177 72 Hale;
1812 2566 142 70 Ellie
1999 2566 357 72 McDowell,
2397 2568 169 70 John
2610 2569 364 69 Galbreath.

175 2647 261 82 Georgia.
477 2655 124 75 J.L.
649 2656 198 79 Edge,
889 2659 168 76 Jack
1099 2661 208 75 Hicks,
1357 2662 199 78 Ralph
1600 2664 265 76 Woods;
1912 2664 259 76 Florida:
2218 2665 166 75 Elias
2428 2667 219 78 Segal.
2694 2668 282 76 Leaders

174 2748 73 63 for
288 2752 99 61 the
439 2757 325 61 memorial
822 2773 10 45 :
888 2758 180 63 Edith
1120 2760 159 61 Tate
1330 2763 130 60 and
1516 2763 196 61 Marie
1762 2763 316 78 Aldridge,
2133 2766 85 75 39
2271 2766 129 75 and
2457 2767 145 73 192;
2701 2767 274 73 Delores

175 2847 276 79 McGraw,
505 2857 151 70 410;
712 2856 268 72 Marsha
1027 2860 327 72 Johnson,
1413 2863 195 69 made
1662 2878 37 54 a
1749 2863 126 69 talk
1927 2863 126 69 and
2107 2863 102 69 led
2262 2880 168 63 song
2485 2880 81 63 on
2619 2881 174 61 page
2847 2868 127 75 260

169 2946 172 66 Jewel
390 2953 294 63 Wootten
739 2956 100 61 led
939 2959 84 61 77
1072 2959 97 61 for
1216 2961 111 60 the
1378 2961 303 72 shut-ins,
1785 2961 208 72 Elbert
2046 2961 280 79 Pippins,
2382 2961 309 79 Wilodine
2745 2964 225 76 Butler,

169 3045 225 66 Tressie
436 3052 255 75 Adkins,
741 3058 127 69 and
916 3058 250 69 Helene
1212 3060 127 67 and
1389 3060 211 76 Kelley
1647 3060 226 76 Beard.
1960 3060 265 76 Shelbie
2269 3060 361 76 Sheppard,
2680 3063 102 73 72.
2832 3063 141 76 Billy

168 3144 99 63 Joe
309 3150 199 63 Harris
547 3154 229 61 closed
820 3156 108 60 the
975 3159 322 60 memorial
1342 3159 139 60 with
1525 3174 241 61 prayer.
1816 3157 184 78 Elder
2043 3157 198 78 Farris
2322 3157 97 78 led
2463 3174 166 61 song
2676 3174 79 61 on
2802 3177 171 60 page

166 3243 130 64 30b.

168 3339 358 70 DISMISSED
549 3349 154 61 FOR
724 3351 267 61 LUNCH.

273 3442 123 63 The
433 3448 331 63 afternoon
805 3451 270 60 session
1111 3468 139 43 was
1291 3451 267 75 brought
1594 3450 294 76 together
1924 3448 78 78 by
2040 3448 172 78 Virgil
2254 3448 247 78 Phillips
2539 3450 127 76 and
2710 3451 259 75 Randall

166 3534 165 67 Smith
373 3543 247 81 leading
663 3564 213 60 songs
915 3564 84 60 on
1041 3564 214 60 pages
1302 3549 123 75 137
1467 3544 124 79 and
1630 3546 150 78 36b.
1827 3544 303 79 Leaders:
2175 3544 189 79 Leola
2401 3543 219 81 Smith,
2664 3547 150 76 402;
2851 3549 132 75 Jeff

165 3631 315 87 Sheppard
538 3643 219 75 talked
820 3646 207 72 about
1087 3645 237 76 having
1387 3658 181 63 more
1626 3642 258 79 singing
1944 3640 298 81 schools.
2356 3640 51 81 A
2463 3642 309 79 comittee
2830 3660 139 61 was

163 3739 315 75 appointed
529 3750 66 64 to
643 3745 174 69 work
868 3760 81 54 on
1003 3744 144 70 this.
1203 3744 136 70 The
1387 3741 373 73 committee
1813 3738 331 76 members
2197 3739 348 75 appointed
2596 3756 195 58 were:
2839 3744 133 70 Jeff

162 3831 334 87 Sheppard,
562 3843 255 75 Randal
877 3843 229 75 Smith,
1167 3841 324 76 Thurman
1554 3837 156 81 Nail,
1767 3837 124 81 Jim
1950 3837 259 81 Carnes
2268 3837 127 81 and
2452 3838 183 79 Virgil
2694 3840 279 79 Phillips.

159 3930 166 81 Syble
369 3942 265 75 Adams,
691 3945 148 72 186;
886 3942 241 75 James
1174 3939 180 78 Cain,
1404 3940 153 76 270;
1608 3936 220 81 Elman
1879 3936 285 81 Howton,
2256 3936 127 81 and
2433 3937 148 79 Mae
2628 3939 336 78 Seymour,

157 4035 124 76 530;
330 4042 247 69 Alonzo
633 4044 285 69 Malone,
978 4041 153 72 565;
1186 4038 225 75 Cecile
1465 4036 156 76 Cox,
1680 4036 153 76 222;
1885 4033 223 79 Toney
2161 4035 222 78 Smith,
2439 4038 154 75 444;
2649 4038 315 75 Freeman

156 4132 289 85 Wootten,
514 4147 154 70 103;
735 4141 250 78 Margie
1048 4138 228 81 Smith,
1347 4138 148 81 155;
1563 4135 232 84 Luther
1854 4132 258 87 Parker,
2175 4135 154 84 313;
2389 4134 145 85 Otis
2598 4138 156 81 Nail,
2817 4144 154 75 405;

154 4234 180 70 Cheta
387 4245 198 63 Blake
595 4246 120 75 ley,
769 4242 157 79 377;
1027 4237 138 84 Ann
1215 4236 151 85 Jett,
1423 4236 151 85 546;
1632 4233 222 88 Lamar
1905 4231 222 90 Smith,
2182 4234 151 87 298;
2389 4233 213 88 Eloise
2656 4237 304 84 Watkins,

150 4336 126 79 373;
328 4345 165 70 Mike
546 4345 273 70 Adams,
877 4339 156 76 523;
1084 4335 291 81 Thomas
1428 4333 286 82 Yancey,
1770 4333 153 82 406;
1978 4332 186 84 Carol
2220 4332 262 84 Fannin,
2538 4338 105 78 47;
2697 4338 264 79 Waylon

151 4434 435 90 Blakeley,76;
666 4440 289 84 Shelton
1032 4434 436 90 Williamson,
1551 4432 154 91 145;
1783 4429 189 94 Ruby
2049 4431 289 93 Phillips,
2416 4435 207 88 345b;
2700 4438 262 85 Aubrey

148 4498 312 120 Fannnin,'
514 4546 112 72 64;
700 4539 178 79 Nora
949 4533 261 85 Collett,
1284 4531 157 87 283;
1515 4528 217 90 Emilly
1800 4528 241 90 Jones,
2115 4530 154 88 499;
2343 4531 198 87 Alicia
2608 4536 348 82 Whitaker,

145 4632 256 90 Whitney
424 4596 348 126 Wannon,
820 4633 153 88 274;
1015 4630 129 91 Joe
1191 4627 153 94 Nail,
1396 4629 144 93 120;
1585 4626 85 96 All
1713 4624 301 97 students
2058 4627 154 94 from
2256 4629 222 93 Sardis
2560 4633 100 88 led
