3150 4950
1321 153 168 61 June
1521 156 94 70 18,
1651 156 165 70 1989

342 241 141 63 The
531 247 243 61 annual
826 249 252 63 Sacred
1131 250 169 81 Harp
1348 252 265 79 Singing
1665 253 145 78 held
1861 259 63 72 at
1974 253 358 78 Pleasaant
2377 252 219 79 Valley
2646 250 351 81 Methodist

145 343 241 63 Church
426 358 142 48 was
604 348 210 60 called
852 355 66 55 to
955 351 189 60 order
1174 352 141 60 with
1356 352 156 60 Fred
1554 352 240 60 Battles
1833 352 249 78 leading
2122 367 208 63 songs
2370 367 82 63 on
2493 367 213 63 pages
2743 352 84 78 59
2868 351 126 79 and

145 447 97 60 39.
282 444 132 63 The
456 445 285 79 morning
781 463 228 63 prayer
1041 466 141 60 was
1221 451 100 75 led
1359 451 81 76 by
1480 451 285 78 Douglas
1803 451 205 78 Conn.
2050 451 156 78 Fred
2250 451 238 78 Battles
2562 450 97 79 led
2701 466 171 63 page
2910 451 85 78 45

148 543 337 79 "Amazing
553 544 276 78 Grace".
892 547 141 75 The
1092 549 190 73 class
1341 565 144 57 was
1546 550 361 78 organized
1971 550 81 78 by
2116 549 318 79 retaining
2496 549 112 79 the
2668 547 325 81 following

150 645 294 61 officers:
594 645 393 75 Chairman,
1072 648 166 72 Fred
1320 649 283 72 Battles;
1683 649 160 72 Vice
1923 649 387 72 Chairman,
2395 648 205 73 Linda
2674 648 327 73 Thomas;

151 745 360 75 Secretary,
570 744 192 76 Chita
817 745 331 78 Blakeley;
1204 748 354 78 Arranging
1612 748 415 78 Committee,
2088 748 178 78 Ervin
2325 748 327 78 Brothers.
2713 747 289 79 Leaders

151 843 229 63 called:
448 843 183 63 Ervin
699 844 334 73 Brothers,
1105 849 148 69 162,
1321 849 106 70 73,
1494 849 111 70 74;
1671 847 298 78 Douglas
2032 847 211 78 Conn,
2311 846 199 79 275b,
2578 847 154 78 274,
2797 846 204 79 278b;

154 943 180 61 Chita
391 943 330 76 Blakeley,
780 946 109 73 36;
946 945 144 75 four
1144 946 432 76 generations
1632 946 66 76 of
1749 946 112 76 the
1918 946 187 76 Conn
2166 946 238 76 Family
2461 979 21 43 -
2536 946 58 76 J.
2655 945 66 78 T.
2782 945 210 78 Conn,

156 1042 276 78 Couglas
472 1042 204 78 Conn,
718 1042 186 78 Chita
940 1044 184 76 Conn
1168 1044 315 78 Blakeley,
1521 1045 346 76 Jonathan,
1912 1045 148 76 Kyle
2098 1045 126 76 and
2265 1044 202 78 Gavin
2509 1044 315 78 Blakeley,
2866 1044 129 78 277

157 1141 187 76 Lydia
411 1141 336 76 Braswell,
820 1144 153 73 106,
1045 1144 153 73 124,
1266 1146 112 72 46;
1447 1144 246 73 Homer
1758 1144 334 73 Brothers,
2167 1146 150 72 123,
2386 1146 154 72 300,
2611 1144 156 73 445,
2842 1143 151 75 153;

154 1240 319 61 Jonathan
526 1240 324 76 Blakeley,
906 1243 145 73 128,
1102 1242 151 75 76b.

160 1339 288 61 RECESS.

330 1438 133 60 The
505 1438 181 60 class
730 1440 306 60 resumed
1081 1440 250 79 singing
1374 1441 139 78 with
1560 1441 154 78 Fred
1761 1441 243 78 Battles
2046 1441 252 78 leading
2341 1456 168 63 song
2554 1456 82 63 on
2682 1455 172 64 page
2896 1441 103 78 69.

162 1537 300 61 Leaders:
517 1537 150 61 Lula
721 1539 433 73 Underwood,
1216 1542 145 70 112,
1422 1542 145 70 170,
1623 1542 153 70 358;
1833 1540 153 76 Kyle
2038 1540 324 76 Blakeley,
2424 1542 144 75 135,
2625 1540 108 76 56;
2788 1537 205 79 Gavin

163 1638 321 76 Blakeley,
549 1639 159 75 294;
775 1638 240 76 Rhoda
1080 1639 238 75 Norris,
1390 1641 148 73 177,
1605 1642 153 72 318,
1825 1642 157 72 384;
2049 1639 234 75 Melvin
2350 1639 208 76 Hyatt,
2631 1641 148 75 100,
2851 1639 148 76 182,

166 1740 136 69 138;
346 1738 169 76 Mary
561 1737 171 78 Ellen
778 1738 127 76 and
951 1738 274 76 Brianna
1267 1740 306 75 Baucom,
1623 1741 144 73 119,
1812 1741 103 73 44.

165 1839 286 60 RECESS.

375 1936 159 61 Fred
589 1938 246 60 Battles
885 1938 277 78 brought
1210 1938 108 78 the
1368 1938 184 78 class
1600 1939 301 76 together
1953 1938 253 78 leading
2259 1953 169 63 song
2481 1953 82 63 on
2616 1951 175 64 page
2847 1936 145 79 159.

165 2037 310 60 Leaders:
553 2037 205 60 Marie
834 2037 214 75 Hyatt,
1129 2040 151 72 145,
1357 2040 156 72 270;
1587 2038 214 76 Alpha
1875 2037 220 78 Black,
2170 2038 157 76 343,
2400 2038 157 76 345,
2632 2037 157 78 460.
2865 2034 139 81 The

166 2134 312 60 memorial
526 2136 228 58 lesson
798 2151 144 43 was
990 2136 165 58 held.
1206 2136 292 76 Douglas
1543 2136 184 76 Conn
1777 2136 99 76 led
1927 2137 124 75 100
2095 2134 93 78 for
2235 2134 184 78 Ester
2463 2133 355 79 Campbell,
2866 2134 129 78 565

163 2233 90 60 for
304 2233 234 60 Marvin
595 2233 268 78 Hopper
915 2233 130 78 and
1104 2233 168 78 Loyd
1332 2233 324 78 Brothers;
1714 2233 198 78 Linda
1962 2233 291 78 Thomas
2308 2232 102 79 led
2464 2233 85 78 68
2604 2230 96 81 for
2754 2230 241 81 Novice

165 2331 196 73 Conn,
418 2332 142 72 Lois
612 2332 316 72 Stanfield
982 2332 129 72 and
1165 2332 217 72 Mattie
1429 2332 319 72 Jackson;
1801 2331 189 73 Chita
2041 2331 303 75 Blakeley
2395 2329 100 76 led
2547 2332 84 73 88
2682 2329 96 76 for
2821 2328 172 78 John

166 2431 360 70 Galbreath,
579 2433 132 69 339
759 2431 97 70 for
900 2431 157 70 Arlis
1105 2431 213 70 Oden,
1372 2431 153 70 Allie
1572 2431 394 76 Willingham
2016 2430 129 78 and
2193 2430 223 78 Zelma
2461 2428 289 79 Whaley;
2805 2427 193 81 Linda

165 2527 300 72 Thomas,
525 2532 133 67 340
717 2530 97 69 for
868 2529 111 70 the
1035 2529 142 70 sick
1234 2529 129 70 and
1423 2529 307 70 shut-ins.
1792 2529 75 70 At
1923 2527 126 72 this
2104 2527 151 72 time
2314 2527 109 72 the
2481 2532 229 69 pastor
2766 2524 66 76 of
2886 2524 109 76 the

165 2625 223 61 church
426 2626 358 60 welcomed
826 2643 327 58 everyone
1195 2626 124 75 and
1399 2625 96 76 led
1540 2625 52 76 in
1636 2640 241 63 prayer.

168 2724 384 61 DISMISSED
576 2725 153 60 FOR
751 2725 264 60 LUNCH.

345 2823 132 61 The
523 2823 337 61 afternoon
907 2823 270 61 session
1219 2838 142 46 was
1404 2821 205 63 called
1656 2827 61 57 to
1762 2820 187 64 order
1989 2820 138 64 with
2175 2818 174 66 Ervin
2398 2818 298 66 Brothers
2743 2817 250 78 leading

165 2938 157 61 song
373 2940 79 60 on
502 2940 175 61 page
724 2926 153 75 495.
933 2923 309 78 Leaders:
1294 2922 211 79 Loven
1557 2920 405 81 Earnest,75,
2014 2922 105 79 61;
2170 2919 213 82 Kelvin
2436 2917 201 84 Hyatt,
2691 2919 102 82 63,
2848 2917 147 84 186;

162 3021 52 60 J.
265 3022 61 60 T.
381 3024 210 70 Conn,
645 3025 151 69 298,
852 3024 108 70 99;
1009 3022 57 72 J.
1125 3022 57 72 L.
1236 3021 216 73 Oden,
1506 3022 148 72 222,
1707 3021 151 73 282,
1912 3021 153 73 499;
2121 3018 54 76 L.
2235 3018 69 76 H.
2361 3015 429 79 Underwood,
2842 3016 150 78 217,

166 3120 333 63 "Beautiful
555 3123 229 70 Land";
843 3121 250 72 Pearlie
1147 3120 375 73 Galbreath,
1584 3121 148 72 134;
1785 3117 225 76 Arvilla
2062 3117 204 76 Hyatt,
2320 3117 153 76 337,
2529 3117 153 76 204;
2739 3114 268 79 Herbert

168 3219 261 81 Phillips,
481 3223 151 76 276,
685 3223 151 76 418,
895 3222 148 78 163;
1141 3219 183 81 Ruby
1374 3217 126 82 and
1548 3217 178 82 Virgil
1779 3216 273 84 Phillips,
2103 3217 150 82 482,
2305 3216 106 84 47;
2463 3213 168 87 Vera
2680 3211 321 88 Blakeley,

169 3321 138 70 168;
360 3321 204 70 Jewel
619 3321 325 70 Wootten,
1008 3321 127 70 166
1191 3319 55 72 in
1353 3333 285 60 memory
1692 3316 66 76 of
1812 3316 112 76 her
1974 3315 151 78 dad,
2179 3313 175 79 John
2407 3312 387 81 Alexander,
2851 3312 151 81 373;

169 3417 186 63 Louie
420 3420 273 72 Battles,
759 3421 157 70 290,
982 3421 109 70 48,
1158 3420 108 72 83;
1332 3417 189 75 Terry
1585 3415 255 76 Hullett,
1908 3415 105 76 79,
2086 3415 148 76 144;
2304 3411 244 81 Robert
2611 3409 127 82 and
2805 3409 193 82 Clara

169 3516 259 75 Keener,
484 3522 147 69 122,
678 3520 153 70 354,
880 3520 153 70 323;
1084 3516 256 75 Robert,
1392 3516 189 75 Clara
1624 3513 126 78 and
1798 3528 145 63 son,
1992 3511 285 79 Wallace
2325 3510 273 81 Keener,
2653 3510 145 81 127,
2851 3510 147 81 129;

168 3615 97 61 Mr.
322 3618 126 60 and
505 3618 151 60 Mrs.
717 3618 213 60 Milton
984 3616 234 69 Oliver,
1279 3615 147 70 143,
1483 3612 304 73 "Brown",
1893 3612 22 73 "
1965 3610 213 75 Jesus
2233 3607 159 78 Died
2449 3607 118 78 For
2619 3606 154 79 Me".
2830 3606 172 79 After

166 3723 585 64 announcements,
807 3714 162 73 Fred
1023 3712 243 75 Battles
1318 3711 100 76 led
1468 3726 169 61 song
1689 3724 82 63 on
1822 3724 174 63 page
2047 3709 84 78 62
2181 3706 127 81 and
2358 3705 109 82 the
2517 3709 225 78 pastor
2790 3703 64 84 of
2899 3703 108 84 the

163 3813 226 63 church
435 3814 361 63 dismissed
841 3814 109 63 the
996 3813 183 64 class
1222 3811 139 66 with
1411 3825 243 63 prayer.

165 3912 358 75 Chairman,
586 3915 160 72 Fred
807 3913 271 73 Battles;
1134 3912 157 75 Vice
1345 3909 370 78 Chairman,
1777 3906 196 81 Linda
2023 3904 313 82 Thomas;
2395 3903 367 84 Secretary,
2821 3901 187 85 Chita

165 4011 321 81 Blakeley.

1021 4113 327 84 SHADY
1369 4110 345 87 GROVE
1738 4107 408 90 CHURCH

1134 4240 279 61 Winston
1441 4239 259 73 County,
1729 4234 307 78 Alabama

1270 4342 169 61 June
1464 4341 102 70 24,
1596 4341 100 70 25,
1732 4338 163 73 1989

343 4450 135 61 The
525 4447 238 64 annual
811 4444 252 67 Sacred
1113 4443 169 78 Harp
1326 4440 264 81 Singing
1638 4453 81 67 on
1764 4437 108 84 the
1954 4435 201 85 fourth
2203 4434 268 87 Sunday
2517 4432 127 88 and
2689 4432 318 88 Saturday

159 4546 211 66 before
409 4551 54 61 in
499 4551 174 61 June
744 4554 64 58 at
844 4545 222 75 Shady
1105 4543 211 76 Grove
1354 4539 249 81 Church
1641 4552 138 67 was
1815 4534 204 85 called
2055 4540 64 79 to
2157 4534 184 85 order
2374 4533 79 87 by
2493 4533 232 87 Robert
2763 4533 235 87 Fannin

159 4647 238 84 leading
433 4666 171 64 song
642 4665 82 66 on
762 4662 174 69 page
969 4644 132 87 39b
1134 4642 127 88 and
1296 4639 147 91 80b.
1483 4639 132 91 The
1653 4636 277 94 morning
1966 4650 225 81 prayer
2220 4650 139 81 was
2395 4632 96 99 led
2529 4633 78 97 by

1540 4740 85 58 87
