3150 4950
255 252 313 64 RECESS.

385 351 135 61 Don
565 354 180 60 Clark
786 355 204 58 called
1032 355 106 58 the
1182 355 177 58 class
1401 360 61 54 to
1507 351 183 63 order
1729 346 297 75 directing
2074 355 210 66 songs
2329 351 81 70 on
2458 342 216 79 pages
2722 325 112 96 101
2892 325 118 96 and

201 448 189 60 101b.
450 450 306 63 Leaders:
814 453 142 60 Lois
1009 453 312 69 Stanson,
1383 451 144 70 177,
1584 448 151 73 426;
1792 444 130 78 Kim
1980 439 229 82 Cagle,
2274 435 145 87 155,
2484 427 151 94 137;
2694 421 315 100 Daphene

196 544 285 76 Causey,
537 550 148 70 222,
739 552 150 69 422;
940 550 169 70 John
1167 549 331 72 Foreman,
1554 547 148 73 200,
1764 543 144 78 171;
1962 538 217 82 Verna
2227 529 325 91 Williams,
2610 523 153 97 323,
2817 523 189 97 348b;

199 640 222 63 Isabell
474 645 255 78 Feagin,
780 646 148 76 47b,
976 646 151 76 39b;
1177 645 259 78 Rodger
1483 640 324 82 Morrison,
1857 636 151 87 37b,
2058 631 153 91 31b;
2263 625 267 97 Lurleen
2583 619 229 103 Heath,
2860 622 139 100 340,

193 739 151 70 384;
400 741 184 69 Elder
637 742 297 67 Marshall
987 744 220 72 Avery,
1261 742 105 73 39,
1422 741 103 75 54.

196 835 294 63 RECESS.

337 936 130 60 The
499 937 175 60 class
711 936 438 61 reassembled
1180 936 136 61 with
1354 934 133 63 Don
1525 931 180 66 Clark
1738 928 246 75 leading
2019 939 210 64 songs
2263 937 81 66 on
2382 934 213 69 pages
2631 919 69 84 61
2746 919 121 84 and
2901 922 93 81 49.

195 1032 315 63 Leaders:
576 1035 136 60 Jeff
778 1033 373 78 Sheppard,
1228 1035 147 76 185,
1446 1032 157 79 440;
1675 1026 195 85 Floyd
1939 1023 258 88 Wilder,
2275 1021 150 90 195,
2497 1018 159 93 402;
2727 1017 267 94 Carolyn

195 1129 328 73 Morrison,
580 1135 147 67 335,
786 1132 151 70 68b;
994 1129 270 73 Richard
1323 1128 295 75 DeLong,
1675 1125 147 78 458,
1881 1123 154 79 407;
2092 1119 274 84 Andrew
2424 1116 165 87 Ellis,
2646 1117 192 85 452b,
2893 1120 96 82 45.

193 1227 255 78 Rodger
484 1230 295 75 Morrison
823 1228 96 76 led
957 1242 205 63 songs
1200 1242 81 63 on
1320 1239 210 66 pages
1566 1224 129 81 566
1732 1221 124 84 and
1896 1221 127 84 523
2065 1215 462 90 remembering
2566 1215 106 90 the
2709 1215 130 90 sick
2875 1219 115 85 and

190 1326 148 60 shut
376 1326 126 60 -ins
540 1327 141 58 who
721 1326 202 60 would
967 1324 165 61 have
1173 1323 274 76 enjoyed
1489 1321 189 78 being
1719 1318 139 81 with
1905 1333 76 66 us
2020 1317 214 82 today.
2283 1315 138 84 Don
2467 1314 181 85 Clark
2722 1315 267 84 directed

190 1425 127 57 569
372 1423 127 60 and
553 1426 130 57 285
741 1423 54 60 in
852 1435 283 60 memory
1191 1420 64 75 of
1305 1419 109 76 the
1467 1416 369 79 deceased,
1894 1414 361 81 especially
2313 1413 471 82 remembering
2836 1416 153 79 Aunt

190 1519 276 60 Geneva
517 1521 213 58 Davis.
783 1519 202 60 Other
1033 1516 369 63 mentioned
1456 1516 54 63 in
1561 1516 108 63 the
1722 1513 327 66 memorial
2098 1528 174 51 were
2322 1512 171 67 Vera
2544 1512 204 72 Nunn,
2800 1513 187 70 Violet

190 1615 222 60 Hinton
496 1617 124 58 and
664 1615 199 60 Annie
910 1615 256 75 Harper.
1213 1614 132 76 The
1389 1620 237 70 pastor,
1675 1612 136 78 Rev
1857 1611 229 79 Harold
2131 1611 316 79 Williams,
2494 1611 349 79 welcomed
2887 1614 97 76 the

187 1711 252 75 singers
480 1713 124 73 and
648 1711 97 75 led
789 1711 55 75 in
886 1725 238 61 prayer.

189 1807 390 58 DISMISSED
603 1807 148 58 FOR
774 1807 259 58 LUNCH.

336 1905 132 58 The
504 1905 325 58 afternoon
864 1903 262 60 session
1161 1918 136 45 was
1330 1903 204 60 called
1569 1903 291 76 together
1891 1903 79 76 by
2008 1903 136 76 Don
2181 1903 181 76 Clark
2401 1903 244 78 leading
2683 1920 196 63 songs
2913 1921 72 61 on

186 2016 210 60 pages
435 2002 129 73 343
604 2001 126 75 and
771 2002 147 73 333.
966 2001 300 75 Leaders:
1311 2001 316 75 Charlene
1668 2001 301 75 Wallace,
2017 2004 142 72 135,
2211 2004 144 72 145;
2400 2002 220 73 Lucille
2662 2002 313 73 Foreman,

190 2098 139 67 153,
381 2098 151 69 218;
580 2097 264 75 Stanley
891 2097 219 75 Smith,
1159 2098 150 73 392,
1357 2100 151 72 454;
1560 2098 202 73 Runie
1810 2098 250 73 Glover,
2118 2101 144 70 168,
2311 2101 153 70 376;
2514 2100 199 76 Ralph
2763 2100 211 76 Heath,

189 2196 141 67 142,
381 2196 150 67 236;
582 2194 264 69 Shelbie
892 2194 363 76 Sheppard,
1306 2197 147 73 446,
1504 2196 151 75 48b;
1704 2196 262 75 Tommy
2014 2197 328 76 Spurlock,
2394 2199 150 75 430,
2595 2200 148 73 480;
2793 2199 181 75 Hazel

184 2290 222 76 Cagle,
454 2293 129 73 477
631 2292 124 75 and
805 2292 238 75 "Clark"
1093 2308 40 58 a
1180 2308 141 58 new
1363 2310 168 61 song
1581 2295 313 76 arranged
1944 2295 79 76 by
2071 2296 262 75 Stanley
2382 2296 198 75 Smith
2629 2296 123 75 and
2800 2296 180 75 Hazel

183 2389 199 76 Cagle
423 2389 124 76 and
591 2389 309 76 inscribed
939 2397 63 69 to
1044 2391 135 75 Don
1219 2392 198 73 Clark.
1458 2392 55 73 J.
1558 2394 67 72 C.
1672 2394 246 72 Hardin,
1959 2397 303 69 421,424.

184 2487 292 60 RECESS.

330 2586 136 60 Don
502 2587 180 58 Clark
714 2587 201 60 called
951 2589 105 58 the
1089 2589 175 60 class
1299 2595 61 54 to
1395 2590 180 60 order
1638 2592 247 76 leading
1920 2608 207 61 songs
2163 2608 79 61 on
2280 2608 208 61 pages
2524 2593 126 76 76b
2683 2593 118 76 and
2841 2595 126 75 182.

180 2683 49 58 A
276 2683 315 60 business
639 2685 268 60 session
954 2701 141 45 was
1146 2688 142 58 held
1342 2694 60 54 at
1450 2689 123 58 this
1621 2689 268 75 time.(1)
1945 2691 237 75 Report
2229 2691 66 75 of
2343 2692 459 73 Conventions:
2848 2691 121 75 The

181 2781 285 60 Hillabee
516 2782 400 60 Convention
961 2800 141 43 was
1150 2787 292 75 reported
1494 2802 79 60 as
1618 2788 204 73 small,
1873 2788 108 73 but
2026 2790 195 75 good.
2274 2791 91 73 (2)
2416 2790 261 76 Singing
2724 2788 244 78 School:

181 2878 186 60 Elder
414 2878 135 76 Roy
595 2880 201 75 Avery
844 2883 223 75 taught
1116 2899 39 58 a
1201 2884 228 73 school
1479 2890 61 67 at
1590 2884 216 75 Rocky
1857 2886 217 73 Mount
2121 2887 129 72 and
2302 2887 186 72 Elder
2535 2887 223 72 Bufred
2809 2887 165 72 Dean

177 2976 219 75 taught
433 2992 127 58 one
600 2983 61 67 at
699 2977 286 75 Smyrna.
1029 2982 88 72 (3)
1194 2980 313 73 Location:
1549 2982 336 72 Ebenezer
1923 2983 337 70 Methodist
2299 2985 247 69 Church
2589 2985 120 69 has
2746 2983 220 76 agreed

177 3078 61 51 to
285 3072 79 58 let
406 3073 121 57 this
571 3075 384 58 convention
1002 3076 81 57 be
1129 3076 75 58 its
1251 3078 190 58 home
1485 3078 396 75 indefinitely.
1932 3082 88 70 (4)
2070 3081 418 73 Introductory
2535 3082 264 72 Lesson:
2841 3079 135 75 This

180 3166 225 60 lesson
453 3168 111 60 will
616 3169 81 58 be
747 3169 285 60 directed
1084 3172 76 73 by
1212 3172 210 73 Verna
1470 3174 298 72 Williams
1819 3175 55 70 in
1932 3178 186 67 1990.
2175 3178 90 72 (5)
2320 3177 435 73 Resolutions:
2808 3177 82 73 Be
2937 3175 31 75 it

178 3265 301 60 resolved
535 3267 135 60 that
720 3283 120 43 we:
900 3270 90 73 (a)
1047 3268 219 75 Thank
1320 3271 108 72 the
1485 3273 331 70 members
1869 3274 66 69 of
1990 3274 343 69 Ebenezer
2386 3274 252 69 Chruch
2695 3274 121 69 and
2869 3273 96 70 the

174 3364 385 75 community
606 3364 96 75 for
745 3366 156 73 their
948 3366 355 78 hospitality
1350 3370 127 73 and
1522 3370 169 73 work
1737 3372 334 76 preparing
2121 3372 94 76 for
2259 3373 108 75 the
2413 3372 399 76 convention,
2863 3370 99 78 (b).

174 3460 114 61 We
336 3462 193 60 thank
576 3463 192 60 those
813 3465 144 60 who
1003 3481 190 43 came
1239 3466 157 60 from
1443 3468 93 58 far
1581 3469 126 58 and
1759 3484 154 45 near
1957 3475 64 54 to
2067 3471 304 60 continue
2416 3477 267 72 support
2725 3471 90 78 for
2854 3468 111 81 this

174 3561 400 61 convention,
621 3565 103 72 (c).
768 3564 114 73 We
921 3564 192 73 thank
1150 3565 189 72 those
1378 3567 141 70 who
1558 3582 166 55 were
1768 3568 400 75 responsible
2208 3570 93 73 for
2337 3570 106 73 the
2484 3570 291 73 bountiful
2817 3565 147 78 meal

175 3664 61 54 at
279 3658 106 60 the
430 3676 169 43 noon
646 3661 171 60 hour.
868 3663 109 73 (d).
1023 3663 114 73 We
1179 3663 193 73 thank
1411 3664 108 72 the
1561 3664 255 72 officers
1860 3666 126 70 and
2031 3666 423 70 Committees
2496 3669 93 67 for
2628 3667 153 69 their
2815 3664 150 72 work

172 3762 63 54 to
283 3774 237 43 assure
567 3759 106 60 the
721 3759 250 79 singing
1020 3762 372 76 proceeded
1438 3763 337 75 smoothly,
1828 3765 111 73 (e).
1990 3763 114 75 We
2151 3766 196 72 thank
2394 3768 106 70 the
2551 3768 150 70 Lord
2748 3766 88 72 for
2877 3763 94 75 the

174 3856 342 79 priviledge
561 3858 67 78 of
669 3859 243 78 earring
960 3876 79 61 on
1087 3861 106 76 the
1237 3861 343 76 wonderful
1627 3861 282 76 tradition
1957 3862 66 75 of
2065 3864 252 73 Sacred
2368 3867 168 78 Harp
2583 3867 216 78 Music.
2845 3864 118 81 The

172 3955 252 78 singing
474 3972 141 61 was
670 3958 303 75 resumed
1027 3960 79 75 by
1159 3960 184 75 Erma
1389 3960 213 75 Jones
1657 3960 250 76 leading
1959 3976 213 63 songs
2224 3981 82 58 on
2362 3982 216 61 pages
2628 3969 147 75 436,
2826 3964 136 79 216;

174 4054 231 60 Louise
454 4054 204 72 Dean,
711 4059 147 67 302,
909 4059 108 69 41;
1063 4057 186 70 Josie
1299 4057 265 70 Gibson,
1617 4059 100 69 63,
1774 4059 144 69 186;
1968 4059 184 69 Odell
2203 4062 376 75 Cleveland,
2631 4068 147 69 343,
2826 4063 136 73 322;

174 4152 159 73 Hoyt
381 4152 237 73 Morris,
666 4155 151 70 317;
865 4153 135 72 Ann
1051 4155 310 70 Redmon,
1419 4158 139 67 100,
1609 4156 148 69 358;
1809 4155 154 70 Rev.
2016 4155 231 70 Harold
2295 4161 318 73 Williams,
2662 4167 103 67 45.
2814 4161 153 73 After

169 4248 108 60 the
318 4258 564 52 announcements
922 4252 106 58 the
1069 4252 322 58 chairman
1435 4252 97 58 led
1575 4252 106 58 the
1728 4266 12 45 :
1783 4251 195 60 Great
2020 4252 130 61 Roll
2194 4257 163 60 Call"
2401 4260 81 75 by
2524 4267 279 72 request.
2845 4258 118 81 The

169 4347 178 60 class
390 4362 139 45 was
573 4348 351 60 dismissed
967 4350 138 58 with
1150 4365 225 61 prayer
1417 4350 79 76 by
1540 4348 261 78 Stanley
1845 4350 219 76 Smith.

169 4443 373 72 Chairman,
613 4446 139 69 Don
817 4446 210 70 Clark;
1090 4446 154 70 Vice
1308 4446 346 70 Chairman
1720 4446 127 70 and
1912 4446 372 78 Secretary,
2356 4452 252 72 Pennie
2674 4456 297 67 Morrison

171 4540 310 78 Bosarge.

1516 4642 118 55 186
