3192 4977
205 193 268 79 Seaton,
523 207 105 72 48;
679 207 195 72 David
927 211 159 76 Ivey,
1134 214 150 73 200;
1329 214 121 73 Jim
1498 214 273 73 Carnes,
1819 216 151 72 218;
2022 211 175 76 Mary
2245 211 61 76 F.
2358 208 223 79 Smith,
2631 204 157 84 325;
2836 201 168 87 Syble

202 292 262 78 Adams,
511 303 150 72 383;
706 306 132 69 Ted
877 309 319 72 Johnson,
1243 313 147 67 269.

205 390 292 69 RECESS.

357 493 133 63 The
525 499 177 61 class
736 517 138 45 was
909 505 201 60 called
1149 508 289 76 together
1471 508 78 76 by
1588 508 64 76 B.
1692 507 88 78 W,
1821 505 234 79 Ashley
2092 502 252 82 leading
2382 514 171 70 song
2592 513 82 72 on
2712 513 166 72 page
2910 508 81 76 56.

202 586 346 70 Directors:
612 595 246 66 Bonnie
918 601 300 75 Flowers,
1279 607 153 69 207;
1492 604 159 72 Eula
1705 606 325 70 Johnson,
2094 601 156 75 318;
2310 600 228 76 Susan
2599 597 214 79 Curry,
2869 603 126 78 480;

195 685 129 61 Joe
382 690 154 73 Nail,
598 699 148 67 120;
804 699 315 67 Kathleen
1173 702 184 70 Thro,
1413 706 109 67 32;
1579 703 189 73 Lloyd
1828 702 159 75 Ivey,
2047 702 157 75 426;
2262 696 280 81 Charles
2598 696 210 81 Creel,
2860 705 127 75 317;

201 781 243 81 Margie
504 789 186 78 Lacy,
753 796 153 70 396;
969 795 174 78 Boyd
1206 799 199 73 Scott,
1471 802 105 70 58;
1636 799 175 73 Alice
1872 796 336 76 Edwards,
2272 795 154 78 289;
2490 793 202 79 Kristy
2749 796 238 81 Tolbert,

195 882 150 72 215;
382 883 244 70 Alanna
666 889 249 73 Blanks,
955 894 145 70 405,
1179 895 130 69 Bud
1347 897 207 67 Oliver
1588 895 126 69 and
1753 895 66 69 S.
1860 895 63 69 T.
1968 894 183 70 Reed
2191 891 100 73 led
2362 906 168 64 song
2572 909 79 61 on
2692 909 162 64 page
2892 901 97 72 145

196 991 78 46 as
313 979 108 61 the
460 984 243 79 closing
747 1002 186 64 song.
979 990 220 76 Lamar
1239 993 195 73 Smith
1474 991 351 75 dismissed
1864 991 139 75 with
2046 1005 244 63 prayer.

1210 1089 333 72 SUNDAY,
1573 1089 319 72 AUGUST
1915 1092 85 69 27

363 1174 133 61 The
535 1179 265 78 Sunday
837 1185 264 72 session
1144 1186 64 70 of
1243 1186 106 70 the
1389 1188 397 69 Convention
1825 1201 139 55 was
2002 1185 205 72 called
2250 1192 61 64 to
2353 1186 184 70 order
2575 1188 78 76 by
2689 1189 102 75 the
2827 1195 147 69 class

192 1269 253 82 singing
501 1290 171 63 song
729 1293 82 60 on
870 1296 172 61 page
1096 1284 87 73 32
1236 1284 286 73 directed
1582 1285 76 73 by
1719 1282 135 76 Bud
1909 1284 235 75 Oliver.
2205 1284 229 75 Lamar
2485 1285 199 73 Smith
2743 1290 91 69 led
2884 1296 87 63 the

193 1369 282 76 morning
520 1387 243 60 prayer.
813 1375 304 72 Leaders:
1164 1380 66 67 S.
1276 1380 63 67 T.
1390 1381 183 66 Reed
1620 1381 126 66 and
1795 1381 132 66 Bud
1972 1381 229 70 Oliver,
2248 1384 105 69 85,
2401 1386 106 69 82;
2556 1384 216 70 Lamar
2809 1390 165 64 Smith

190 1464 127 60 and
384 1465 273 64 Randall
720 1471 223 72 Smith,
1008 1476 151 70 36b;
1224 1479 177 67 343b
1462 1477 213 69 Milton
1735 1479 237 70 Oliver,
2037 1480 156 70 403;
2257 1479 165 78 Hoyt
2482 1482 298 75 Renfroe,
2841 1491 124 72 288;

190 1558 271 64 Herbert
525 1564 282 79 Phillips,
877 1572 148 72 163;
1092 1573 349 70 Lawrence
1504 1576 129 67 and
1699 1576 151 67 Lula
1915 1576 436 73 Underwood,
2422 1582 147 70 170,
2638 1585 138 70 189,
2835 1590 129 72 358;

187 1657 202 79 Alpha
439 1659 208 78 Black,
705 1668 147 69 155;
901 1668 300 69 Matthew
1243 1672 264 72 Jordan,
1558 1675 151 69 299;
1761 1674 64 70 B.
1876 1674 90 70 W.
2019 1675 258 78 Ashley,
2335 1680 144 73 186;
2529 1678 169 81 Virgil
2749 1683 213 82 Phillips

186 1756 126 60 and
355 1758 262 64 Randall
658 1762 216 73 Smith,
922 1767 141 69 137.

187 1852 295 64 RECESS.

378 1953 133 61 The
556 1957 180 60 class
783 1963 303 58 resumed
1131 1965 249 79 singing
1425 1966 139 78 with
1612 1969 135 75 Bud
1792 1971 211 73 Oliver
2047 1972 249 79 leading
2343 1990 166 63 song
2557 1993 78 60 on
2679 1995 160 63 page
2877 1984 81 73 47.

184 2047 355 64 Directors:
601 2053 232 63 Jethro
898 2059 253 72 Collett,
1221 2065 156 69 389;
1443 2065 180 69 Cecil
1692 2067 336 72 Edwards,
2098 2073 106 69 65;
2274 2073 253 78 Harvey
2587 2076 373 76 Austin,373;

183 2145 162 61 Ruth
399 2148 226 73 White,
681 2155 153 69 569;
888 2155 63 69 T.
1012 2157 67 67 H.
1141 2158 195 72 Ross,
1392 2164 106 69 34;
1560 2164 175 69 Irene
1786 2166 267 72 Jordan,
2112 2172 150 69 207;
2319 2170 168 70 Nora
2538 2172 237 75 Collett,
2826 2179 126 69 283;

181 2242 208 61 Paula
463 2247 306 76 McGray,
850 2253 151 70 106;
1078 2254 324 69 Kathleen
1473 2259 190 73 Thro,
1738 2265 157 69 272;
1972 2265 184 76 Ruby
2230 2268 285 78 Phillips,
2587 2274 151 72 331;
2802 2274 147 72 Joan

178 2338 325 81 Aldridge,
570 2347 154 72 438;
790 2347 135 72 Ted
990 2350 328 76 Johnson,
1387 2358 154 69 419;
1609 2358 190 76 Lloyd
1870 2361 162 78 Ivey,
2101 2365 105 73 89;
2271 2365 237 73 James
2574 2368 192 78 Page,
2827 2373 126 73 214;

180 2436 315 64 Kathleen
552 2442 249 78 Kuiper,
859 2448 151 72 68b;
1068 2449 345 70 Lawrence
1467 2454 238 73 Green,
1759 2460 154 69 425;
1969 2460 253 69 Maxine
2275 2464 127 64 and
2458 2464 282 64 Leonard
2791 2467 153 75 Lacy,

180 2536 141 69 144,
372 2539 144 69 146;
558 2539 184 69 Odus
786 2541 148 73 Nail,
984 2548 144 67 147;
1170 2548 244 67 Connie
1491 2553 301 72 Karduck,
1837 2559 147 69 203;
2031 2559 180 69 Reba
2253 2560 127 67 Dall
2418 2562 298 73 Windom,
2757 2568 126 67 224.

177 2631 297 64 RECESS.

357 2731 133 61 The
531 2734 181 61 class
751 2752 138 45 was
931 2742 205 61 called
1177 2746 294 75 together
1510 2748 81 75 by
1632 2749 136 73 S.T.
1816 2751 181 72 Reed
2041 2754 250 78 leading
2332 2772 166 63 song
2542 2775 79 60 on
2664 2773 157 63 page
2859 2761 81 75 79.

174 2827 351 64 Directors:
586 2832 159 63 Eula
798 2836 328 75 Johnson,
1188 2844 153 70 328;
1398 2845 127 69 Jan
1588 2847 262 73 Ketelle,
1918 2853 145 69 171;
2128 2853 276 69 Mozella
2460 2856 484 78 Sheppard,421;

172 2926 322 64 Freeman
555 2934 130 60 and
742 2935 207 61 Jewel
1011 2938 321 75 Wootten,
1395 2946 150 69 384,
1608 2947 154 70 441;
1819 2946 171 79 Judy
2052 2950 210 75 Hauff,
2322 2955 154 70 275;
2538 2955 238 70 Martha
2826 2955 112 70 Ann

169 3025 258 81 Stegar,
486 3031 154 75 454;
699 3033 132 73 Ted
894 3036 265 75 Mercer,
1225 3042 192 72 101b;
1521 3043 172 70 John
1753 3046 271 75 Seaton,
2085 3052 106 72 33;
2251 3051 195 76 Syble
2502 3054 256 73 Adams,
2814 3055 123 72 398;

163 3124 180 78 Jerry
388 3127 363 82 Sheppard,
798 3135 153 75 302;
996 3136 225 73 Shane
1264 3138 312 75 Wootten,
1623 3145 153 69 212;
1822 3144 271 70 Charles
2137 3150 237 72 Stiefel,
2424 3154 102 69 48;
2575 3153 172 70 Noah
2793 3153 147 73 Lacy,

171 3225 145 72 157;
364 3226 127 70 Joe
543 3229 153 72 Nail,
745 3234 151 70 217;
949 3232 205 79 Henry
1204 3237 297 79 Guthery,
1554 3243 150 73 316;
1755 3243 183 73 Chita
1987 3244 316 79 Blakeley,
2356 3250 147 73 273;
2556 3250 166 75 Boyd
2769 3252 163 73 Scott,

163 3325 117 58 58.

166 3420 394 64 DISMISSED
585 3424 150 63 FOR
757 3427 259 61 LUNCH.

349 3520 133 61 The
528 3523 333 61 afternoon
904 3528 265 60 session
1216 3529 300 60 resumed
1558 3532 138 60 with
1743 3534 132 60 Bud
1920 3537 210 61 Oliver
2172 3541 249 79 leading
2467 3559 162 63 song
2674 3561 76 61 on
2791 3556 141 66 page

157 3618 150 60 345.
361 3618 340 63 Directors:
750 3622 252 61 Carlton
1048 3625 220 70 Wood,
1318 3628 150 69 340;
1519 3628 316 78 Daphene
1884 3633 285 79 Causey,
2224 3642 147 70 198;
2418 3642 241 76 Woody
2700 3640 229 78 Walker,

163 3715 144 70 138;
357 3715 246 76 Wayne
654 3720 201 72 Reed,
912 3723 189 69 108b;
1150 3723 187 69 Willie
1389 3724 145 67 Mae
1584 3726 153 70 Holt,
1789 3730 151 70 269;
1989 3730 273 70 Andrew
2307 3738 240 73 Stiefel,
2598 3741 144 70 56b;
2788 3735 139 76 Buell

157 3811 204 72 Cobb,
408 3816 105 69 95;
550 3816 123 69 Jim
715 3817 270 70 Carnes,
1030 3820 145 67 404.
1219 3820 49 67 A
1311 3822 318 66 memorial
1674 3823 220 64 lesson
1938 3841 138 46 was
2119 3832 144 60 held
2305 3841 64 54 at
2407 3838 123 60 this
2571 3838 159 60 time.
2775 3835 154 72 Ricky

157 3907 291 63 Harcrow
490 3912 96 58 led
630 3913 129 58 28b
801 3913 52 60 in
898 3930 276 60 memory
1216 3916 63 73 of
1317 3916 196 73 Annie
1557 3918 252 78 Harper,
1855 3922 163 73 Vera
2061 3927 202 75 Nunn,
2307 3933 252 79 Johnny
2602 3931 322 81 Galbreath,

154 4006 180 76 Ruby
378 4009 273 73 Conwill,
700 4011 174 72 Elma
918 4011 315 73 Kitchens,
1281 4012 231 72 Bessie
1555 4015 231 73 Crider,
1831 4020 201 69 Addie
2076 4026 313 76 Sanders,
2436 4033 171 76 Sally
2649 4030 280 79 Chandler

153 4104 123 63 and
322 4105 223 79 Hayne
586 4107 220 78 Oliver.
852 4110 178 76 Terry
1072 4110 286 76 Wootten
1404 4111 96 75 led
1545 4116 121 70 147
1711 4116 51 70 in
1809 4132 280 66 memory
2128 4125 66 73 of
2232 4128 220 78 Agnes
2497 4132 249 73 Bowen,
2788 4128 138 78 Mark

150 4203 216 73 Smith,
411 4204 229 72 Bertha
679 4207 261 79 Kilgore,
985 4209 235 78 Bonnie
1261 4209 363 79 Thompson
1665 4215 124 73 and
1833 4216 180 72 Noah
2056 4221 61 67 B.
2161 4224 264 66 Adams.
2470 4231 64 63 B.
2578 4233 87 61 W.
2706 4230 217 73 Ashley,

150 4300 225 61 Lamar
417 4302 199 63 Smith
663 4305 126 61 and
835 4306 87 60 W.
976 4306 73 60 M.
1101 4306 207 60 Oliver
1353 4308 97 58 led
1501 4311 120 57 134
1672 4311 51 58 in
1771 4329 283 63 memory
2100 4321 67 70 of
2206 4323 78 69 O.
2335 4326 69 66 D.
2454 4330 229 73 Oliver,
2728 4333 117 70 285
2884 4327 40 76 in

148 4414 288 61 memory
493 4401 67 75 of
613 4402 204 73 Annie
877 4404 241 72 Fowler
1173 4404 127 72 and
1356 4407 130 69 340
1546 4405 54 70 in
1663 4423 285 63 memory
2005 4416 67 70 of
2128 4417 150 69 Mrs.
2341 4423 325 67 Clarence
2724 4429 199 61 Oliver.

147 4495 207 76 Henry
393 4495 279 78 Guthery
714 4498 97 75 led
850 4501 129 72 285
1021 4500 52 73 in
1117 4515 276 61 memory
1434 4500 64 76 of
1536 4503 145 73 Lola
1719 4504 336 72 Woodard.
2100 4513 138 63 S.T.
2284 4518 183 64 Reed
2512 4525 99 61 led
2655 4521 268 70 Beautiful

144 4593 168 61 Land
385 4594 91 61 for
510 4596 108 60 the
655 4597 132 60 sick
826 4597 124 60 and
990 4597 304 60 Shut-ins:
1336 4599 100 60 Mr.
1480 4600 124 58 and
1647 4600 121 61 Mrs
1810 4603 238 81 Forney

1489 4699 118 58 134
