3150 4950
139 153 277 70 RECESS.

279 252 250 76 Aubrey
565 252 246 76 Persall
847 256 210 72 called
1092 258 109 70 the
1234 256 183 72 class
1452 262 64 66 to
1551 256 189 72 order
1773 255 253 75 leading
2059 267 213 63 songs
2307 265 84 64 on
2428 264 214 66 pages
2676 247 135 82 358
2845 244 129 85 and

142 357 132 63 294.
331 351 313 69 Leaders:
700 352 210 67 Annie
966 354 355 78 Scoggins,
1375 354 202 78 354b;
1633 351 195 81 Willie
1882 351 151 81 Mae
2089 349 217 82 Moon,
2362 348 153 84 383,
2572 346 154 85 470;
2782 340 199 91 Trixie

144 451 319 70 Vandiver,
520 451 159 70 434,
738 453 160 70 200;
952 451 213 72 Jewel
1219 451 325 72 Wootten,
1605 451 108 72 63,
1770 450 112 73 87;
1939 447 322 76 Freeman
2319 444 327 79 Wootten,
2703 442 109 81 30,
2872 441 109 82 99;

150 556 250 63 Preston
456 549 241 73 Crider,
754 552 108 70 45.

150 649 372 69 DISMISSED
543 649 156 69 FOR
720 649 268 69 LUNCH.

285 753 127 61 The
448 750 333 64 afternoon
816 750 268 64 session
1125 748 300 66 resumed
1461 748 139 66 with
1638 747 267 67 Preston
1944 744 214 70 Crider
2193 742 249 78 leading
2479 756 168 64 song
2683 754 82 66 on
2805 753 172 67 page

157 858 132 60 122.
357 850 318 67 Leaders:
745 850 217 76 Henry
1027 849 337 78 Johnson,
1438 850 151 76 101,
1660 849 109 78 59;
1839 846 238 81 Luther
2142 843 262 84 Parker,
2475 843 109 84 56,
2653 841 112 85 57;
2836 837 150 90 Billy

154 954 307 70 Williams,
532 952 109 72 54;
712 949 205 75 Marie
985 948 295 76 Guthrie,
1356 948 318 76 189,224;
1744 946 67 78 B.
1885 945 67 79 B.
2025 943 268 81 Mattox,
2362 942 109 82 48,
2547 942 153 82 155;
2770 936 210 88 Stella

160 1057 165 69 Pratt,
382 1053 145 73 147;
583 1050 222 76 Felton
861 1048 228 78 Baker,
1147 1050 148 76 192,
1348 1050 156 76 436;
1558 1047 165 79 Eron
1776 1045 226 81 White,
2053 1044 318 82 313,314;
2425 1039 271 87 Bernice
2751 1038 225 88 Greer,

160 1158 130 69 490,
333 1155 150 72 482;
529 1152 145 75 Billy
715 1150 322 76 Williams,
1084 1150 106 76 73,
1237 1150 105 76 77.
1431 1147 273 79 Preston
1749 1146 237 81 Crider,
2034 1144 102 82 led
2179 1158 214 69 songs
2436 1156 85 70 on
2565 1153 219 73 pages
2826 1138 151 88 389,

162 1257 112 61 324
316 1252 121 66 and
481 1254 130 64 209
657 1252 96 66 for
795 1251 108 67 the
948 1249 249 78 closing
1243 1264 192 63 song.
1485 1246 178 81 Ervin
1711 1245 301 82 Brothers
2056 1242 355 85 dismissed
2460 1240 108 87 the
2611 1239 184 88 class
2838 1236 141 91 with

163 1368 250 66 prayer.

165 1452 352 69 Chairman,
594 1449 282 72 Preston
949 1447 250 73 Crider;
1270 1446 160 75 Vice
1501 1444 379 76 Chairman,
1954 1443 262 78 Aubrey
2289 1438 277 82 Persall;
2641 1437 340 84 Honorary

165 1551 336 69 Chairman,
546 1548 121 72 Gib
708 1546 183 73 Hale;
933 1546 363 75 Secretary,
1342 1545 162 76 Eron
1546 1543 222 78 White.

558 1648 462 84 CULLMAN
1050 1647 414 85 COUNTY
1491 1642 405 90 SINGING
1923 1638 648 94 CONVENTION

1078 1776 283 61 Cullman
1387 1776 243 73 County
1657 1773 397 76 Courthouse

1309 1873 139 76 July
1471 1875 61 75 8,
1561 1873 256 76 9,1989

310 1978 127 60 The
472 1977 208 78 eighty
718 1975 301 79 -seventh
1057 1974 267 81 session
1360 1974 109 81 the
1507 1971 285 84 Cullman
1831 1969 246 85 County
2115 1966 261 88 Singing
2415 1962 396 93 Convention
2848 1975 138 79 was

171 2077 186 60 called
396 2082 63 55 to
499 2076 187 61 order
724 2074 82 76 by
849 2074 211 76 Henry
1101 2073 285 78 Guthery
1429 2070 253 81 leading
1723 2083 171 67 song
1935 2083 85 67 on
2062 2080 175 70 page
2278 2067 102 84 58.
2467 2061 177 90 Ervin
2689 2058 300 93 Brothers

177 2178 84 58 led
300 2176 100 60 the
445 2175 277 78 morning
769 2188 246 64 prayer.
1063 2173 208 79 Henry
1314 2170 282 82 Guthery
1635 2169 153 84 then
1833 2167 99 85 led
1975 2181 168 72 song
2190 2179 81 73 on
2316 2178 171 75 page
2529 2163 103 90 88.
2680 2158 306 94 Leaders:

177 2275 156 61 Ervin
381 2275 316 72 Brothers,
745 2275 106 72 89,
903 2275 154 72 282;
1102 2271 58 76 J.
1212 2271 60 76 L.
1318 2271 214 76 Oden,
1584 2269 150 78 499.
1783 2266 76 81 At
1903 2265 123 82 this
2073 2265 147 82 time
2268 2263 108 84 the
2424 2260 279 87 Probate
2745 2257 240 90 Judge,

175 2376 138 60 Tom
366 2373 709 73 Burleson,welcomed
1131 2371 111 75 the
1296 2370 262 76 singers
1612 2374 64 72 to
1729 2367 111 79 the
1894 2365 294 81 Cullman
2245 2362 253 84 County
2554 2358 439 88 Courthouse.

178 2473 192 61 Loven
427 2473 295 70 Earnest,
780 2475 157 69 495;
997 2470 165 73 Ruth
1222 2469 285 75 Daffron,
1566 2469 111 75 87;
1735 2463 295 81 Leonard
2086 2461 129 82 and
2272 2458 259 85 Maxine
2587 2457 189 87 Lacy,
2832 2455 154 88 388,

183 2575 129 67 101;
364 2574 199 69 Helen
622 2572 162 75 Ivey,
843 2572 153 75 208;
1054 2568 252 79 Martha
1356 2565 346 82 Woodard,
1758 2565 154 82 331;
1969 2562 234 85 Rhoda
2257 2557 232 90 Norris,
2544 2556 156 91 498;
2755 2551 243 96 Eunice

181 2671 277 70 Kimbrell,
504 2673 105 69 77;
655 2670 202 76 Ralph
903 2668 229 78 Heath,
1179 2668 151 78 236;
1377 2665 222 81 Lamar
1639 2662 219 84 Smith,
1903 2662 106 84 36;
2055 2659 66 87 S.
2166 2658 63 88 T.
2278 2655 202 91 Reed,
2526 2655 105 91 37.

183 2769 271 61 RECESS.

376 2869 268 60 Preston
696 2868 225 61 Crider
964 2863 210 66 called
1227 2863 109 66 the
1386 2862 181 67 class
1615 2857 300 78 together
1965 2854 253 81 leading
2269 2868 169 67 song
2491 2865 81 70 on
2625 2863 175 72 page
2848 2847 150 88 566.

184 2965 286 61 Leaders:
526 2967 279 60 Shelton
858 2964 424 69 Williamson,
1345 2962 151 70 145;
1555 2958 346 75 Lawrence
1960 2953 127 79 and
2149 2950 150 82 Lula
2355 2944 435 88 Underwood,
2853 2944 145 88 170,

186 3066 129 69 189;
364 3066 63 69 E.
478 3067 70 67 C.
603 3066 261 69 Bowen,
916 3064 154 70 532;
1123 3061 139 73 Don
1318 3060 258 75 Bowen,
1627 3057 153 78 448;
1833 3051 295 84 Daphine
2178 3049 286 85 Causey,
2517 3046 153 88 336;
2721 3042 274 93 Charles

183 3162 187 73 Creel,
423 3166 153 69 440;
630 3163 171 75 Lucy
855 3160 303 78 Heidorn,
1212 3160 159 78 200;
1425 3153 271 85 Gertrud
1747 3151 229 87 Wood,
2031 3148 156 90 217;
2242 3145 150 93 Mae
2445 3142 342 96 Seymour,
2842 3139 154 99 436;

184 3259 198 63 Flarce
433 3262 207 72 Creel,
696 3264 154 70 389;
904 3259 268 75 Lurleen
1227 3255 232 79 Heath,
1515 3255 151 79 340;
1714 3249 172 85 John
1942 3247 249 87 Hocutt,
2245 3246 153 88 225;
2449 3241 138 93 Ann
2637 3238 151 96 Jett,
2844 3238 151 96 546;

184 3358 222 63 Dessie
457 3361 376 70 Goodman,
891 3360 157 72 204;
1105 3355 201 76 Marie
1360 3351 321 81 Aldridge,
1744 3349 148 82 192;
1947 3343 181 88 Virgil
2185 3340 280 91 Phillips,
2527 3339 150 93 137;
2731 3336 268 96 Tommy

186 3457 319 78 Spurlock,
582 3463 154 72 110;
808 3457 274 78 Gordon
1152 3454 393 81 Wilkerson,
1617 3450 157 85 434;
1848 3444 183 91 Edith
2100 3442 187 93 Tate,
2358 3439 160 96 446;
2583 3433 214 102 Jewel
2868 3432 130 103 and

187 3556 288 64 Freeman
519 3561 321 69 Wootten,
885 3555 357 75 322,-384;
1288 3550 207 79 Hattie
1542 3546 309 84 Handley,
1903 3544 144 85 159.

189 3655 271 66 RECESS.

382 3759 205 78 Henry
637 3759 288 78 Guthery
973 3751 213 85 called
1236 3751 108 85 the
1395 3748 181 88 class
1623 3751 64 85 to
1737 3742 189 94 order
1972 3738 258 99 leading
2280 3751 169 85 song
2500 3748 82 88 on
2634 3747 175 90 page
2856 3732 151 105 470.

189 3855 279 67 Leaders:
519 3861 180 75 Revy
741 3856 409 79 Willismson,
1206 3852 145 84 187;
1402 3847 213 88 Linton
1665 3843 331 93 Ballinger,
2043 3841 153 94 300;
2245 3834 235 102 Lonnie
2529 3832 273 103 Rogers,
2848 3831 154 105 343;

187 3955 304 66 Charlene
552 3960 316 69 Wallace,
936 3957 153 72 186;
1147 3951 126 78 Jim
1335 3949 283 79 Carnes,
1680 3943 157 85 377;
1897 3939 201 90 Trixie
2157 3934 345 94 Vandiver,
2565 3933 108 96 87;
2733 3928 271 100 Tressie

184 4054 238 78 Adkins,
480 4062 156 70 392;
694 4056 265 76 Brenda
1012 4051 258 81 Chafin,
1326 4048 156 84 442;
1540 4042 273 90 Stanley
1866 4038 225 94 Smith,
2148 4036 154 96 542;
2361 4033 171 99 Nora
2586 4029 252 103 Collett,
2893 4030 111 102 30;

184 4153 291 67 Thurman
525 4159 156 69 Nail,
729 4159 154 69 441;
931 4152 204 76 Cindy
1182 4146 306 82 Franklin,
1540 4144 145 84 167,
1737 4140 160 88 "The
1945 4137 198 91 Great
2190 4134 130 94 Roll
2367 4131 186 97 Call";
2602 4129 186 99 Ester
2829 4128 174 100 Wall,

183 4255 136 73 304;
372 4258 190 78 Lydia
616 4254 331 82 Braswell,
1011 4252 153 84 176;
1221 4246 244 90 Maude
1519 4240 235 96 Harris,
1812 4239 153 97 313;
2019 4233 232 103 Ozella
2304 4230 255 106 Chafin,
2614 4230 154 106 404;
2824 4225 181 111 Ethel

186 4354 285 78 Childers,
516 4362 154 70 480;
718 4354 172 78 Buell
937 4351 207 81 Cobb.
1191 4350 105 82 26.

186 4453 372 67 DISMISSED
580 4458 156 63 FOR
757 4452 268 69 LUNCH.

316 4558 127 61 The
481 4560 334 61 afternoon
853 4549 265 72 session
1161 4542 300 79 resumed
1497 4539 139 82 with
1674 4537 205 84 Henry
1915 4533 277 88 Guthery
2230 4528 247 93 leading
2514 4542 166 79 song
2718 4542 81 79 on
2838 4540 171 81 page

187 4654 126 64 121.
355 4659 48 61 A
445 4659 316 61 business
804 4650 271 70 session
1117 4660 141 60 was
1300 4641 147 79 held
1488 4645 66 75 to
1593 4636 171 84 elect
1803 4633 279 87 officers:
2124 4629 364 91 Chairman,
2535 4626 210 94 Henry

1554 4740 82 58 99
