3150 4950
703 196 306 87 TABLE
1033 205 351 85 GROVE
1411 213 588 81 COMMUNITY
2023 208 414 85 CHURCH

1234 337 192 60 Table
1452 340 222 69 Grove,
1708 337 207 72 Illinois

1315 438 238 76 August
1579 439 57 75 6,
1671 438 162 76 1989

309 514 127 63 The
472 514 130 63 first
639 519 75 61 all
751 522 127 78 day
915 526 261 82 Singing
1216 540 61 69 at
1312 534 196 75 Table
1545 535 208 73 Grove
1791 531 246 78 Church
2073 544 138 64 was
2248 528 144 81 held
2430 528 244 81 August
2712 528 57 81 6,

190 619 135 64 1989
369 615 54 69 in
468 616 412 79 conjunction
925 627 141 69 with
1113 631 108 64 the
1272 634 189 61 120th
1510 633 411 73 anniversary
1965 628 66 78 of
2071 628 108 78 the
2223 625 258 81 church.
2527 624 135 82 The
2707 622 279 84 evening

189 720 201 69 before,
433 732 82 57 an
561 715 283 73 informal
885 724 253 82 singing
1182 732 127 75 and
1348 733 339 75 workshop
1723 745 138 63 was
1905 729 142 79 held
2089 733 64 75 at
2191 727 108 81 the
2343 724 303 84 Mershon
2692 721 294 87 Mansion

190 823 39 61 in
292 831 145 54 near
474 816 79 76 by
591 816 324 78 Vermont,
964 825 237 75 Illinois,
1245 829 288 70 followed
1575 831 78 75 by
1692 844 40 61 a
1770 834 133 72 pot-
1945 826 135 79 luck
2119 840 259 66 supper.
2457 822 133 84 The
2629 822 181 84 class
2848 835 139 70 was

190 916 165 66 called
393 922 61 60 to
493 916 187 66 order
718 925 64 57 at
826 922 192 61 10:45
1060 942 57 45 a.
1165 943 76 43 m.
1287 928 265 75 Sunday
1593 927 279 76 morning
1914 925 79 78 by
2035 924 181 79 Dean
2259 922 219 81 Slaton
2524 919 252 84 leading
2817 934 168 69 song

192 1035 58 46 on
285 1030 159 64 page
483 1017 105 78 43.
633 1015 133 79 The
811 1018 358 76 invocation
1212 1041 138 54 was
1390 1026 184 76 given
1617 1024 81 78 by
1738 1021 342 81 Reverend
2122 1021 202 81 Bruce
2368 1020 334 82 Peterson.
2751 1015 237 87 Marcia

190 1117 252 63 Johnson
520 1114 150 66 then
712 1131 172 61 gave
927 1135 42 57 a
1006 1122 180 70 short
1227 1123 360 69 instruction
1627 1128 61 64 to
1731 1122 106 70 the
1881 1135 141 57 new
2059 1120 274 76 singers,
2380 1117 127 79 and
2553 1117 97 79 led
2700 1117 124 79 107
2866 1116 126 81 and

195 1218 111 61 106.
355 1213 300 66 Leaders:
705 1213 315 66 Kathleen
1071 1219 234 76 Kuiper
1347 1221 127 75 and
1522 1219 186 76 Carol
1759 1218 234 78 Bailey,
2043 1219 103 76 59,
2202 1219 147 76 159;
2394 1216 127 79 Jan
2572 1213 244 82 Ketelle
2865 1213 127 82 and

193 1314 160 75 Kathy
397 1312 225 76 Ulmer,
669 1312 151 76 49b,
868 1317 154 72 276;
1072 1317 144 72 Lisa
1261 1318 219 70 Blood,
1530 1320 103 69 82,
1687 1320 145 69 128;
1882 1317 217 72 Laurie
2190 1315 36 73 ?
2272 1365 12 24 ,
2340 1317 142 72 147,
2533 1317 153 72 551;
2734 1312 252 76 Connie

193 1410 250 63 Karduck
496 1410 126 63 and
681 1410 208 63 Diana
939 1413 238 70 Arnett,
1240 1416 148 67 171;
1446 1414 316 69 Kathleen
1815 1414 184 69 Thro,
2056 1414 106 69 48,
2224 1414 150 69 142;
2433 1411 280 72 Melanie
2772 1411 210 72 Hauff,

195 1512 114 69 163,
361 1510 148 70 277;
565 1507 253 73 Connie
876 1509 316 73 Karduck,
1249 1513 151 69 299,
1461 1513 106 69 61;
1627 1512 127 70 Lee
1813 1512 222 76 Beaty,
2100 1513 147 75 135,
2304 1513 156 75 314;
2515 1510 136 78 Ted
2710 1510 271 78 Mercer,

195 1611 114 69 133,
358 1611 147 69 300;
556 1608 168 76 Judy
780 1608 207 76 Hauff,
1042 1611 153 73 217,
1249 1612 151 72 203.

192 1708 352 63 DISMISSED
564 1707 153 64 FOR
736 1708 264 63 LUNCH.

315 1807 124 61 Ted
478 1807 238 61 Mercer
753 1809 265 79 brought
1051 1809 106 79 the
1198 1810 328 78 afternoon
1564 1810 265 78 session
1867 1812 292 78 together
2196 1812 249 78 leading
2484 1827 166 63 song
2692 1827 81 63 on
2812 1827 172 63 page

192 1911 78 58 65.
315 1908 292 61 Leaders:
658 1908 181 61 Dean
889 1909 241 72 Slaton,
1186 1912 145 70 155,
1380 1912 151 70 269;
1578 1911 75 72 At
1696 1911 121 72 this
1864 1911 148 72 time
2058 1912 108 70 the
2212 1912 183 70 class
2439 1927 141 55 was
2625 1911 249 72 treated
2920 1917 64 66 to

192 2023 28 45 a
252 2008 156 60 short
451 2008 226 76 history
721 2008 67 76 of
826 2010 106 75 the
975 2010 256 75 church,
1276 2010 201 75 which
1522 2011 216 76 began
1788 2013 124 75 120
1954 2028 192 60 years
2191 2028 129 60 ago
2364 2028 79 60 as
2485 2026 40 61 a
2569 2010 417 78 Universalist

192 2106 243 70 Church,
502 2107 195 76 given
766 2107 81 76 by
918 2109 394 75 Esmeralda
1377 2110 321 73 Thomas;
1762 2110 244 73 James
2074 2127 201 60 page,
2352 2112 150 75 148,
2572 2112 157 75 272;
2797 2109 186 78 Jerry

192 2205 240 78 Enright,
496 2208 153 75 324,
717 2209 156 73 211;
942 2208 184 76 Larry
1194 2209 367 75 Nothwehr,
1629 2211 154 73 218,
1851 2211 157 73 442;
2071 2209 177 75 John
2316 2209 219 75 Gurtz,
2608 2209 148 75 183,
2832 2209 150 75 153;

192 2304 265 60 Kathleen
498 2305 159 60 Thro
697 2307 127 58 and
870 2307 169 75 Mary
1081 2307 322 75 Elizabeth
1446 2308 151 73 Vos,
1642 2310 145 72 542,
1831 2310 105 72 32.

190 2401 258 61 RECESS.

189 2500 103 60 The
330 2502 238 78 singing
613 2503 303 76 resumed
957 2503 139 76 with
1141 2505 237 75 Marcia
1414 2505 300 75 Johnson
1759 2505 250 75 leading
2053 2518 208 61 songs
2304 2518 82 61 on
2430 2518 213 61 pages
2685 2502 129 78 76b
2854 2502 126 78 and

187 2599 118 60 384.
354 2599 297 61 Leaders:
696 2601 235 60 James
979 2602 199 76 Page,
1228 2605 58 73 4,
1341 2602 289 76 Midwest
1677 2601 447 78 Supplement;
2175 2599 310 79 Kathleen
2533 2599 247 79 Kuiper,
2829 2601 150 78 332,

187 2697 121 70 224;
354 2697 121 70 Jan
529 2698 261 72 Ketelle,
844 2701 153 69 220;
1051 2700 145 70 Lisa
1248 2700 222 70 Blood,
1528 2701 99 69 16,
1684 2698 211 72 MWS;
1945 2698 169 73 Judy
2166 2697 210 75 Hauff,
2430 2700 148 72 550,
2634 2712 40 60 a
2727 2701 265 70 request

187 2791 60 76 by
286 2794 114 73 Lee
447 2796 217 76 Beaty;
708 2797 132 75 Ted
889 2797 264 75 Mercer,
1201 2800 105 72 28,
1356 2797 208 75 MWS;
1645 2797 168 75 Judy
1860 2794 204 78 Hauff,
2113 2796 150 76 528;
2311 2793 181 79 Dean
2541 2793 243 79 Slaton,
2830 2794 151 78 436;

184 2890 96 63 Jim
327 2893 195 79 Page,
579 2898 79 75 17
711 2896 210 76 MWS;
970 2896 174 76 John
1198 2898 214 75 Gurtz,
1467 2898 106 75 63;
1623 2895 180 78 Jerry
1854 2892 273 81 Enright,
2179 2892 153 81 36b;
2388 2890 177 82 Larry
2619 2890 360 82 Nothwehr,

184 2991 123 72 236;
354 2992 306 70 Kathleen
709 2995 163 67 Thro
963 2995 360 67 dismissed
1371 2994 139 69 with
1561 3009 228 63 prayer
1834 2994 129 78 and
2055 3006 174 66 page
2278 2991 84 81 62
2407 3004 139 67 was
2598 2988 100 84 led
2749 3003 78 69 as
2875 2988 106 84 the

184 3088 207 82 closing
433 3109 184 63 song.
663 3094 364 78 Chairman,
1075 3096 183 76 Dean
1302 3094 244 78 Slaton;
1590 3093 355 79 Secretary,
1995 3088 271 84 Melanie
2310 3087 204 85 Hauff.

348 3201 220 79 NEW
595 3201 477 82 ORLEANS
1107 3199 409 84 BAPTIST
1542 3193 706 90 THEOLOGICAL
2274 3192 519 91 SEMINARY

1161 3327 154 60 New
1338 3325 286 69 Orleans,
1656 3322 328 72 Louisiana

1267 3424 277 60 October
1572 3424 94 67 19,
1702 3423 163 69 1989

355 3525 129 63 The
532 3528 238 60 annual
820 3526 250 61 Sacred
1125 3525 169 75 Harp
1341 3520 262 79 Singing
1653 3525 64 75 at
1764 3519 156 81 New
1962 3516 280 84 Orleans
2292 3513 243 87 Baptist
2580 3511 409 88 Theological

181 3618 301 85 Seminary
526 3643 142 60 was
718 3625 147 78 held
913 3624 291 79 October
1255 3622 99 81 19,
1408 3621 169 82 1989
1627 3616 54 87 in
1729 3616 109 87 the
1888 3615 64 88 E.
2004 3613 75 90 O.
2133 3612 243 91 Sellers
2425 3610 202 93 Music
2677 3610 301 93 Building.

178 3717 106 66 The
324 3724 192 63 Event
552 3727 217 78 began
805 3724 139 81 with
987 3739 40 66 a
1062 3718 280 87 covered
1381 3717 139 88 dish
1560 3715 222 90 dinner
1813 3711 234 94 served
2091 3711 52 94 in
2181 3709 108 96 the
2325 3709 190 96 foyer.
2556 3708 133 97 The
2727 3709 246 96 singing

177 3832 112 49 was
322 3826 199 60 called
561 3832 66 54 to
664 3825 190 61 order
889 3823 79 73 by
1011 3820 135 76 Ken
1186 3816 355 81 Gabrielse,
1585 3811 334 85 President
1957 3810 64 87 of
2055 3808 108 88 the
2203 3808 151 88 New
2391 3807 274 90 Orleans
2706 3807 280 90 Chapter

177 3918 51 60 of
261 3922 99 61 the
405 3925 199 76 Hymn
652 3921 264 81 Society
961 3918 67 84 of
1066 3913 312 88 America,
1425 3912 144 90 who
1614 3909 102 93 led
1758 3909 109 93 the
1908 3921 204 81 group
2155 3904 54 97 in
2256 3919 225 82 prayer
2523 3903 127 99 and
2692 3903 139 99 with
2874 3904 108 97 the

174 4017 216 84 singing
429 4024 64 76 of
525 4024 111 76 the
670 4036 171 64 song
882 4032 81 69 on
1002 4029 172 72 page
1210 4015 102 85 45.
1351 4009 133 91 The
1521 4008 252 93 singers
1809 4003 252 97 elected
2095 4003 106 97 the
2238 4000 303 100 following

172 4113 274 70 Officers:
505 4120 378 64 Chairman,
940 4113 157 72 Tom
1158 4108 264 76 Magee;
1480 4104 367 81 Secretary,
1908 4099 198 85 Katie,
2145 4098 270 87 Brewer.
2476 4096 288 88 Leaders
2818 4114 171 70 were

172 4228 60 48 as
276 4219 262 63 follows:
631 4218 157 64 Tom
843 4212 261 75 Magee,
1156 4207 105 79 72,
1312 4206 105 81 59,
1467 4203 151 84 464;
1671 4200 126 87 Lee
1848 4197 264 90 Hinson,
2167 4197 142 90 186,
2361 4197 151 90 314;
2560 4194 186 93 Terry
2796 4195 181 91 Dent,

171 4314 84 76 73,
310 4321 228 79 Ralph,
603 4317 205 84 Price,
874 4308 313 93 159,164;
1246 4302 277 99 Charles
1582 4299 189 102 Little,
1837 4297 147 103 128;
2046 4294 133 106 Ken
2238 4293 366 108 Gabrielse,
2664 4296 103 105 40,
2827 4297 153 103 293;

169 4413 228 70 Martha
460 4420 222 67 Hicks,
753 4414 153 73 145;
972 4407 99 81 Dr.
1140 4404 196 84 Harry
1401 4399 235 88 Eskew
1696 4396 129 91 and
1887 4393 373 94 Walterene
2323 4392 280 96 Bartlett,
2673 4395 150 93 145;
2887 4393 99 94 Dr.

166 4513 225 81 Eskew,
448 4522 148 72 155;
643 4512 183 82 Andy
871 4501 366 93 Sheppard,
1287 4501 103 93 63,
1437 4500 106 94 81;
1588 4495 255 99 William
1888 4492 219 102 Smith,
2155 4494 105 100 49;
2310 4491 96 103 Dr.
2457 4489 229 105 Eskew
2730 4491 99 103 led
2875 4492 106 102 the

162 4618 235 82 singers
442 4621 57 79 in
543 4618 111 82 the
693 4608 253 93 closing
990 4605 210 96 hymn,
1246 4600 85 100 62
1372 4596 129 105 and
1542 4591 352 109 dismissed
1935 4591 139 109 with
2115 4605 243 96 prayer.
