3150 4950
144 148 340 79 Ballinger;
547 150 294 78 Finance
903 154 418 73 Committee,
1384 157 162 70 Sam
1603 159 243 70 Jones;
1908 156 334 73 Memorial
2304 156 417 73 Committee,
2781 154 216 75 Joyce

142 249 246 63 Walton
447 249 132 63 and
639 250 178 61 Mark
874 253 249 72 Brown;
1183 255 378 78 Hospitality
1617 255 415 78 Committee,
2092 255 243 78 Estelle
2394 253 256 79 Napier.
2713 253 291 79 Leaders

145 348 201 64 called
394 364 198 48 were:
643 349 216 63 Linton
913 352 334 79 Ballinger,
1296 355 154 76 480;
1498 354 160 78 Sam
1704 355 235 76 Jones,
1989 355 153 76 317;
2193 354 214 78 Edwin
2458 352 333 79 Ballinger,
2841 354 154 78 460;

150 448 231 64 Estelle
429 448 255 79 Napier,
733 453 108 75 35;
892 453 193 76 Emily
1171 453 129 76 and
1344 453 252 76 Teresa
1644 454 330 78 Ballinger,
2020 456 154 76 454;
2224 453 214 79 Phillip
2484 451 331 81 Ballinger,
2865 453 132 79 340

151 550 54 61 in
261 564 289 60 memory
606 549 67 75 of
727 549 100 75 his
885 552 273 72 mother,
1216 552 277 78 Virginia
1549 552 340 78 Ballinger;
1950 552 259 78 Brenda
2265 550 255 79 Chafin,
2577 553 156 76 300;
2794 550 70 79 H.
2923 549 69 81 A.

151 648 291 75 Godsey,
504 649 157 73 436;
720 648 231 75 Adelle
1011 649 211 73 Dodd,
1284 652 154 70 331;
1501 651 156 72 Paul
1720 649 363 73 Frederick,
2143 652 156 70 224;
2359 649 241 75 Sherry
2659 648 342 76 Ballinger,

151 748 147 70 217;
345 745 174 73 Joan
568 745 316 81 Aldridge,
939 750 153 76 273,
1143 750 154 76 276;
1350 748 138 78 Bob
1537 748 262 78 Fannin,
1857 751 147 75 168;
2058 748 277 78 Eleanor
2385 748 151 78 Kay,
2589 748 106 78 87;
2751 747 247 79 Martha

153 846 336 73 Woodard,
541 847 108 72 97;
702 846 172 73 Mark
924 847 246 73 Brown,
1218 849 151 72 49b,
1426 850 144 70 137.

157 946 291 63 RECESS.

328 1047 196 63 David
571 1047 141 79 Ivey
751 1048 207 78 called
999 1050 111 76 the
1149 1050 181 76 class
1368 1050 297 79 together
1704 1050 252 79 leading
1996 1066 169 63 song
2209 1065 81 64 on
2332 1065 174 64 page
2547 1050 105 79 42.
2698 1047 304 82 Leaders:

160 1150 148 60 Pam
354 1147 267 73 Adams,
673 1150 148 70 110;
868 1149 226 72 Colbie
1143 1149 127 72 and
1320 1150 172 75 Faye
1536 1150 198 75 Allen,
1782 1152 151 73 384;
1984 1149 144 76 Lisa
2175 1149 331 78 Ballinger,
2553 1150 153 76 546;
2755 1146 241 81 Margie

160 1248 178 76 Lacy,
394 1249 153 75 542;
606 1248 166 76 Lucy
826 1248 304 76 Heidorn,
1186 1251 156 73 200;
1398 1249 241 75 Robert
1689 1249 322 78 Aldridge,
2071 1251 148 76 192;
2272 1248 213 79 Joyce
2536 1248 273 79 Walton,
2863 1248 133 79 432

159 1350 145 70 439;
364 1347 276 73 Hershel
700 1347 178 79 King,
942 1351 150 75 112,
1152 1350 153 76 80b;
1365 1350 231 76 Pernie
1656 1350 271 76 Pelfrey,
1984 1348 201 78 275b;
2245 1348 138 78 Earl
2445 1347 337 79 Ballinger,
2845 1347 150 79 144;

159 1447 162 61 Aver
375 1446 241 73 Crider,
678 1449 153 70 430,
898 1449 150 70 132.

163 1546 289 61 RECESS.

307 1645 132 61 The
474 1645 180 61 class
691 1647 303 60 resumed
1030 1647 250 78 singing
1315 1647 138 78 with
1492 1647 208 78 Linton
1741 1647 307 78 Ballinger
2083 1645 247 79 leading
2368 1662 166 63 song
2572 1660 82 64 on
2692 1660 171 64 page
2901 1645 100 79 99.

165 1744 304 61 Leaders:
525 1744 133 61 Ora
715 1744 127 61 Lee
903 1744 267 72 Fannin,
1228 1747 156 69 376;
1443 1746 324 78 Margaret
1822 1746 274 78 Keeton,
2155 1747 106 76 84;
2322 1744 276 79 Melissa
2653 1743 349 81 Mostellar,

162 1846 148 69 277;
369 1843 321 72 Jeanette
753 1843 357 72 Mostellar,
1173 1846 157 69 299;
1395 1845 162 70 Pete
1620 1845 294 75 Haynes,
1978 1843 202 76 569b;
2245 1843 226 76 Doyce
2535 1842 241 78 Bailey,
2845 1842 151 78 143;

166 1942 184 60 Ester
405 1942 180 72 Wall,
652 1944 150 70 142;
867 1942 217 76 Henry
1141 1942 333 76 Johnson,
1537 1945 109 73 81,
1710 1944 154 75 30b;
1927 1942 261 76 Sharon
2250 1942 342 76 Wegman,
2658 1942 156 76 455;
2872 1939 124 79 Jim

166 2041 321 76 Ballinger,
543 2043 147 75 124;
739 2041 195 76 Leola
979 2041 223 76 Smith,
1251 2044 153 73 318;
1452 2041 262 76 George
1762 2041 157 76 Cox,
1968 2043 151 75 295;
2170 2040 187 78 Lydia
2403 2038 294 79 Baswell,
2743 2040 151 78 452.

168 2139 385 61 DISMISSED
577 2140 153 60 FOR
753 2140 265 60 LUNCH.

309 2238 132 61 The
478 2238 330 61 afternoon
844 2239 267 60 session
1147 2254 138 45 was
1320 2238 204 61 called
1560 2238 292 78 together
1884 2238 78 78 by
1995 2238 129 78 Jap
2155 2236 241 79 Walton
2436 2235 246 81 leading
2721 2250 165 66 song
2925 2250 79 66 on

166 2353 166 63 page
393 2340 144 76 153.
598 2337 313 79 Leaders:
972 2338 186 78 Noah
1218 2337 184 79 Lacy,
1465 2338 147 78 171;
1672 2337 241 79 Eunice
1972 2335 309 81 Kimbrell,
2344 2337 148 79 106;
2545 2334 124 82 Jim
2725 2334 277 82 Carnes,

166 2439 142 69 313,
364 2439 151 70 434;
573 2437 151 72 Mae
778 2437 505 75 Seymour,189,
1339 2439 151 73 304;
1548 2437 180 75 Larry
1785 2436 331 76 Ballinger,
2226 2436 147 76 151;
2428 2433 196 79 Marie
2677 2431 318 81 Aldridge,

166 2538 142 70 316;
361 2536 208 76 Henry
616 2536 304 76 Guthery,
979 2539 145 73 100;
1176 2536 220 76 David,
1450 2535 226 78 Karen,
1728 2535 235 78 Allison
2014 2583 10 30 ,
2079 2532 268 81 Richard
2397 2532 127 81 and
2574 2532 213 81 Stuart
2836 2530 159 82 Ivey,

166 2637 148 70 354;
370 2635 232 72 Ozella
658 2635 256 72 Chafin,
981 2637 151 70 187;
1194 2635 276 72 Preston
1530 2634 240 73 Crider,
1831 2637 150 70 505,
2041 2634 154 73 324;
2256 2631 235 76 Rhoda
2550 2629 234 78 Norris,
2844 2631 154 76 349;

166 2733 214 61 Travis
439 2734 274 70 Keeton,
774 2736 156 69 343;
993 2734 199 70 Linda
1246 2733 310 72 Thomas,
1620 2733 151 72 73b,
1831 2733 106 72 73;
1995 2730 223 76 Toney
2277 2728 225 78 Smith,
2562 2730 154 76 348;
2776 2727 222 79 Cecile

169 2832 148 72 Cox,
376 2835 147 70 108;
574 2833 228 78 Virgile
855 2833 219 78 Phillip
1122 2832 129 79 and
1306 2832 313 79 Mendora
1669 2830 291 81 Stewart,
2013 2829 151 82 39b,
2217 2827 196 84 323b;
2469 2827 171 84 Mary
2692 2826 312 85 Gardner,

168 2932 142 60 234.
361 2932 133 60 The
546 2932 327 60 memorial
927 2932 229 60 lesson
1203 2946 144 46 was
1398 2929 142 63 held
1593 2935 61 57 at
1701 2929 123 63 this
1872 2928 168 64 time.
2095 2926 228 66 Pernie
2374 2925 267 75 Pelfrey,
2692 2925 132 75 Ora
2874 2925 126 75 Lee

171 3030 228 61 Fannin
442 3031 127 60 and
616 3031 318 78 Margaret
978 3031 247 78 Keeton
1273 3030 99 79 led
1414 3045 210 64 songs
1666 3043 81 66 on
1792 3042 211 67 pages
2047 3027 82 82 67
2173 3025 126 84 and
2347 3027 123 82 129
2517 3024 52 85 in
2614 3039 282 70 memory
2940 3022 63 87 of

171 3129 190 78 Ralph
397 3130 244 76 Adams
678 3130 127 76 and
844 3130 180 76 Ruby
1062 3129 273 78 Conwill.
1378 3127 150 79 Pam
1567 3127 243 79 Adams
1846 3124 124 82 and
2005 3124 348 82 Jeannette
2392 3121 318 85 Mostellar
2746 3121 96 85 led
2880 3124 127 82 400

171 3226 49 61 in
261 3244 277 61 memory
577 3229 67 76 of
682 3229 184 76 Mack
903 3228 316 78 Wootten.
1266 3225 169 81 Buell
1476 3225 184 81 Cobb
1701 3223 96 82 led
1839 3223 127 82 69b
2004 3222 126 84 and
2169 3223 85 82 77
2293 3220 54 85 in
2391 3235 277 70 memory
2709 3220 64 85 of
2806 3219 76 87 O.
2928 3219 67 87 D.

168 3327 225 72 Oliver,
454 3328 147 70 D.T.
660 3328 229 70 White,
952 3325 393 78 Marguerite
1398 3324 235 79 Jones,
1693 3322 274 81 Virginia
2026 3321 336 82 Ballinger,
2421 3319 205 84 Addie
2685 3318 319 85 Sanders,

166 3424 162 61 John
369 3426 367 72 Galbreath,
781 3424 325 73 Elizabeth
1150 3423 285 75 Hallman
1476 3421 124 76 and
1641 3421 90 76 W.
1773 3420 70 78 C.
1888 3420 264 78 Barnes.
2227 3417 174 81 Virgil
2445 3415 249 82 Phillips
2736 3415 99 82 led
2874 3417 126 81 212

169 3522 91 63 for
321 3525 111 61 the
499 3525 144 61 sick
709 3525 132 61 and
910 3523 316 63 shut-ins.
1300 3520 136 66 End
1506 3520 67 66 of
1639 3517 336 69 memorial
2046 3517 256 69 lesson.
2376 3514 319 72 Leaders:
2766 3514 246 76 Rupert

169 3622 390 81 Yarbrough,
615 3627 154 76 341;
826 3624 177 79 Mary
1059 3622 165 81 Ruth
1279 3619 244 84 Stiefel,
1578 3621 153 82 268;
1783 3616 135 87 Ted
1975 3616 267 87 Mercer,
2298 3615 154 88 48b;
2508 3613 223 90 Sandy
2782 3613 223 90 White,

168 3723 100 72 29;
322 3724 157 70 Alan
534 3724 238 72 Jones,
831 3724 109 72 59;
996 3721 205 75 Wilda
1257 3720 288 76 Holmes,
1608 3720 147 76 145;
1810 3715 181 81 Arvid
2052 3714 288 82 Holmes,
2397 3714 153 82 389.
2607 3712 51 84 A
2757 3712 252 84 Sacred

171 3820 160 82 Harp
381 3840 297 63 program
730 3823 66 79 of
841 3822 256 81 singing
1147 3835 142 67 was
1339 3817 354 85 presented
1746 3822 63 81 at
1857 3813 352 90 Huntsville
2259 3811 286 91 Panoply
2595 3811 66 91 of
2706 3811 108 91 the
2863 3811 139 91 Arts

169 3921 265 66 Festival
484 3931 66 55 at
639 3925 141 61 four
825 3939 151 63 p.m.
1026 3921 142 81 with
1263 3918 172 84 Buell
1486 3918 207 84 Cobb,
1744 3916 231 85 author
2020 3913 64 88 of
2130 3913 162 88 "The
2341 3912 249 90 Sacred
2643 3910 168 91 Harp
2859 3945 48 57 --
2955 3912 49 90 A

166 4021 304 66 Tradition
520 4024 130 63 and
702 4024 75 63 its
829 4023 256 70 Music",
1137 4020 325 79 providing
1555 4015 336 84 narration.
1942 4014 172 85 After
2160 4017 589 82 announcements,
2805 4011 196 88 David

169 4122 132 81 Ivey
345 4126 97 76 led
484 4143 169 61 song
699 4141 81 63 on
825 4138 175 66 page
1047 4123 123 81 127
1212 4119 127 85 and
1380 4119 108 85 the
1528 4117 180 87 class
1747 4131 139 73 was
1926 4111 352 93 dismissed
2319 4111 138 93 with
2499 4126 226 78 prayer
2764 4110 79 94 by
2880 4111 121 93 Jim

168 4224 340 82 Ballinger.

165 4324 357 75 Chairman,
571 4326 199 73 David
820 4324 162 75 Ivey;
1027 4321 154 78 Vice
1225 4320 363 79 Chairman,
1639 4315 211 84 Linton
1897 4312 327 87 Ballinger.

772 4426 351 85 CROSS
1159 4422 342 90 ROADS
1536 4419 406 93 BAPTIST
1971 4416 421 96 CHURCH

699 4560 246 75 County
972 4554 181 81 Road
1180 4555 102 79 66,
1315 4552 150 82 East
1512 4549 312 85 Cleburne
1851 4548 259 87 County,
2140 4545 319 90 Alabama.

1353 4651 141 75 May
1522 4651 97 75 14,
1656 4650 163 76 1989

1546 4750 69 58 61
