3160 4956
201 223 300 67 Marshall
550 232 225 76 Avery,
828 237 105 72 85,
990 240 103 69 53;
1150 238 198 75 Kathy
1404 238 180 76 Kurg,
1647 237 142 78 163,
1843 235 109 79 82;
2002 231 183 84 Jerry
2238 222 370 93 Sheppard,
2664 225 145 90 444,
2859 232 120 82 532.

199 322 274 64 RECESS

355 424 133 61 The
525 429 177 60 class
738 447 136 43 was
909 433 204 58 called
1149 439 64 52 to
1249 433 183 58 order
1467 433 79 73 by
1584 432 63 75 B.
1692 430 76 76 M.
1809 427 195 79 Smith
2044 424 252 82 leading
2335 436 168 70 song
2542 436 81 70 on
2664 436 162 70 page
2862 430 111 76 149,

199 519 283 63 Leaders
529 526 231 60 called:
810 528 175 75 Revy
1032 529 405 73 Williamson,
1488 529 148 73 422,
1686 528 151 75 430;
1881 523 124 79 Jim
2053 522 277 81 Carnes,
2382 520 151 82 204,
2589 520 142 82 112;
2779 520 195 82 Marcia

193 616 330 75 Johnson,
588 624 151 69 440,
810 627 148 67 145;
1021 625 175 69 Cecil
1263 624 333 70 Edwards,
1665 624 150 70 124;
1876 619 333 75 Charlene
2269 616 312 78 Wallace,
2646 616 145 78 306,
2853 625 118 73 192;

198 714 250 61 Connie
499 718 309 72 Karduck,
867 724 144 67 107,
1069 724 147 67 171;
1267 721 237 70 Lonnie
1555 721 271 75 Rogers,
1881 718 150 78 560,
2088 717 148 79 136;
2290 714 157 82 Lora
2499 714 327 82 Patterson
2871 727 100 69 and

198 810 189 79 Leigh
438 813 288 79 Biggers,
775 819 148 73 274,
973 820 150 72 378.

198 909 394 64 DISMISSED
615 915 151 60 FOR
787 915 261 60 LUNCH.

385 1009 135 61 The
565 1012 333 60 afternoon
943 1014 265 58 session
1252 1029 139 43 was
1434 1012 270 76 brought
1744 1009 297 79 together
2082 1009 79 79 by
2203 1009 130 79 Jeff
2377 1009 334 79 Sheppard
2755 1012 210 87 leading

195 1120 168 63 song
411 1123 82 60 on
543 1125 174 61 page
762 1113 148 73 270.
964 1110 304 76 Leaders:
1315 1110 127 76 Tim
1494 1108 348 78 Reynolds,
1891 1110 150 76 551,
2091 1110 153 76 266;
2292 1108 265 78 Shelton
2604 1108 358 82 Williamson,

193 1206 148 70 318,
396 1207 144 70 189;
585 1207 186 70 Vena
813 1207 192 76 Holly,
1051 1210 103 73 67,
1201 1209 106 75 27;
1356 1207 181 78 Hugh
1584 1207 309 78 McGraw,
1941 1209 103 76 54,
2095 1209 144 76 151,
2289 1206 81 79 he
2415 1207 139 78 also
2595 1224 165 63 gave
2799 1227 36 60 a
2871 1216 93 70 talk

196 1317 79 46 on
318 1305 106 58 the
466 1305 387 78 importance
895 1306 64 76 of
991 1306 142 76 July
1171 1308 40 75 4
1252 1306 124 76 and
1417 1306 108 76 the
1566 1305 397 78 Declaration
2004 1305 64 78 of
2109 1305 511 79 Independence.
2662 1308 90 76 He
2788 1317 172 67 stated

195 1416 81 45 on
327 1402 142 60 how
514 1404 177 75 lucky
735 1420 99 58 we
879 1420 112 58 are
1035 1410 63 69 to
1144 1405 168 73 have
1356 1405 108 73 the
1509 1404 291 75 freedom
1843 1420 99 58 we
1989 1404 168 75 have
2203 1405 54 73 in
2302 1405 291 73 America
2635 1408 120 70 and
2802 1416 157 73 urged

193 1501 166 58 each
403 1501 64 60 of
504 1518 79 43 us
621 1509 61 52 to
721 1503 297 60 continue
1059 1509 61 54 to
1162 1503 165 60 have
1368 1509 256 72 respect
1660 1503 93 78 for
1789 1503 105 78 the
1933 1503 330 78 American
2305 1504 163 78 Flag.
2518 1506 52 76 In
2613 1506 240 81 Closing
2889 1512 70 75 his

196 1599 298 73 remarks,
538 1600 81 72 he
660 1600 361 72 mentioned
1062 1600 142 72 how
1237 1602 195 76 proud
1474 1600 81 78 he
1588 1617 139 61 was
1764 1608 61 70 to
1863 1602 82 76 be
1983 1618 234 61 among
2254 1603 231 76 friends
2523 1621 81 58 on
2640 1606 100 73 the
2778 1606 178 73 Fourth

195 1695 63 60 of
294 1696 142 75 July
477 1698 142 73 who
663 1698 114 73 still
823 1698 181 73 loved
1048 1704 63 67 to
1153 1698 142 78 sing
1341 1699 244 76 Sacred
1632 1699 165 78 Harp
1842 1699 219 78 Music.
2110 1701 270 76 Melonie
2425 1702 198 75 Hauff,
2670 1705 136 72 216,
2847 1708 112 70 217;

195 1792 136 60 Sue
375 1794 192 75 Curry
610 1795 124 73 and
783 1795 237 73 Marcia
1056 1795 319 73 Johnson,
1422 1798 148 70 338,
1614 1800 150 69 206;
1807 1797 132 72 Ted
1980 1798 316 72 Johnson,
2343 1801 189 69 345b,
2583 1804 139 67 168;
2764 1803 189 78 Evelyn

196 1890 219 58 Harris
484 1891 130 58 and
685 1891 264 60 Brenda
1014 1893 232 70 Webb,
1317 1896 108 67 87,
1500 1896 151 69 146;
1722 1894 207 70 Lewis
1996 1896 264 70 Norton,
2331 1900 106 67 45,
2506 1900 151 69 323;
2725 1900 228 69 Shelbie

193 1986 376 76 Sheppard,
636 1990 156 72 263,
855 1989 154 73 28b.
1077 1989 153 73 This
1294 1990 231 72 lesson
1587 2008 142 54 was
1792 1992 354 70 dedicated
2208 2001 63 61 to
2334 1995 133 67 Ted
2533 1995 241 67 Mercer
2827 1998 124 64 from

193 2082 306 78 Chicago,
543 2083 78 76 by
661 2083 181 78 Hugh
883 2085 291 76 McGraw
1210 2086 123 75 and
1372 2088 105 73 the
1515 2089 195 72 entire
1746 2089 195 72 class.
1980 2089 114 72 We
2134 2091 238 70 missed
2409 2107 123 58 you
2568 2098 61 67 to
2664 2092 133 76 day,
2832 2094 118 75 Ted,

193 2181 127 58 and
366 2182 355 76 especially
768 2182 244 76 missed
1059 2184 231 78 seeing
1335 2202 154 60 your
1533 2187 276 76 patriotic
1852 2188 100 75 tie,
1999 2188 198 75 which
2242 2205 121 60 you
2407 2206 169 58 wore
2619 2206 76 58 so
2737 2193 214 75 proudly

196 2278 118 58 last
348 2293 154 60 year
537 2295 81 58 on
655 2280 118 73 this
816 2281 492 78 Independence
1347 2283 148 76 Day.

195 2376 298 63 RECESS.

400 2476 135 60 The
582 2478 183 58 class
814 2479 451 61 reassembled
1314 2481 138 60 with
1504 2482 63 60 B.
1620 2482 78 60 M.
1749 2482 196 61 Smith
1996 2484 250 76 leading
2293 2500 166 60 song
2508 2500 81 60 on
2635 2500 162 63 page
2841 2487 109 76 170.

195 2572 312 61 Leaders:
568 2575 147 75 Billy
768 2575 130 75 Joe
955 2577 232 73 Harris,
1246 2580 198 70 445b;
1506 2580 183 70 Rene
1746 2580 237 72 Green,
2041 2583 150 70 236,
2250 2584 151 69 220;
2460 2583 247 70 Carlton
2760 2583 184 70 Wood,

190 2674 151 69 212,
396 2673 153 72 457;
604 2674 144 70 Kurt
795 2674 226 73 Webb,
1081 2679 144 69 159,
1278 2680 151 69 324;
1483 2679 166 70 Luke
1698 2679 195 72 Allen,
1953 2682 145 70 147;
2151 2680 204 72 Curtis
2407 2679 373 73 McLendon,
2833 2682 109 70 143,

190 2773 150 70 489;
382 2772 268 72 Richard
691 2773 289 79 DeLong,
1021 2778 145 75 429,
1209 2776 145 76 447.
1393 2776 129 76 Jeff
1557 2778 354 78 Sheppard,
1954 2779 123 76 and
2119 2779 63 76 B.
2224 2779 76 76 M.
2343 2779 192 76 Smith
2577 2778 93 78 led
2706 2794 147 61 song
2886 2794 58 61 on

192 2886 174 63 page
411 2874 87 75 46
543 2872 94 76 for
679 2872 108 76 the
832 2874 246 78 closing
1126 2890 166 61 song
1341 2877 126 75 and
1513 2877 106 75 the
1665 2877 180 75 class
1888 2892 138 60 was
2071 2878 349 73 dismissed
2466 2878 136 73 with
2649 2893 205 63 prayer
2887 2877 57 79 by

193 2968 145 76 Billy
390 2970 129 75 Joe
574 2971 232 73 Harris.

192 3067 366 72 Chairman,
604 3069 133 70 Jeff
781 3069 363 76 Sheppard;
1192 3069 151 76 Vice
1390 3072 360 73 Chairman,
1803 3072 63 73 B.
1918 3072 76 73 M.
2047 3073 220 72 Smith;
2316 3075 352 73 Secretary,
2718 3073 150 75 Mary
2904 3070 42 78 F.

192 3165 232 60 Smith.

580 3268 324 81 JONES
936 3270 387 79 CHAPEL
1350 3270 367 81 SENIOR
1746 3271 436 82 CITIZENS
2215 3273 390 81 CENTER

1291 3394 117 58 Gib
1435 3394 150 58 Hale
1612 3394 294 78 Singinng

1389 3493 136 73 July
1549 3498 57 69 5,
1641 3496 163 70 1989

378 3591 135 60 The
553 3591 174 76 eight
768 3589 265 78 session
1080 3589 64 78 of
1183 3588 106 79 the
1335 3589 118 78 Gib
1497 3589 157 78 Hale
1696 3591 247 76 Sacred
1992 3592 168 79 Harp
2200 3594 261 78 Singing
2505 3610 135 61 was
2680 3589 183 82 called
2898 3594 43 78 to

187 3690 187 60 order
421 3688 78 78 by
550 3688 268 78 Preston
870 3687 217 79 Crider
1134 3687 252 79 leading
1434 3703 166 63 song
1651 3705 81 61 on
1783 3705 171 63 page
2008 3694 144 73 159.
2205 3693 265 76 Clayton
2523 3691 162 78 Ezell
2734 3690 87 79 led
2862 3687 79 82 the

187 3787 289 78 morning
535 3802 247 63 prayer.
846 3786 270 79 Preston
1174 3786 222 79 Crider
1447 3786 151 79 then
1659 3787 100 78 led
1816 3789 196 76 410b.
2074 3790 124 75 Gib
2256 3792 159 73 Hale
2469 3808 139 57 was
2664 3790 277 75 Honorary

186 3888 346 61 Chairman
588 3886 64 63 of
700 3886 124 63 this
876 3885 273 78 singing.
1207 3883 306 79 Leaders:
1567 3885 262 78 Gordon
1882 3886 375 76 Wilkerson,
2316 3892 148 70 215,
2520 3892 148 70 217;
2719 3888 222 75 Clayton

187 3987 186 70 Ezell,
423 3988 150 69 258,
627 3987 145 70 186;
822 3984 172 73 Ervin
1044 3982 315 75 Brothers,
1408 3982 145 75 95b,
1603 3985 150 72 477;
1795 3985 58 72 J.
1905 3987 57 70 L.
2011 3988 210 72 Oden,
2269 3991 150 69 39b,
2469 3993 105 67 39;
2622 3988 118 72 Bell
2782 3981 159 79 Venie

183 4083 345 73 Woodard,
583 4086 150 70 340,
787 4084 151 72 460;
993 4081 163 75 Aver
1204 4080 235 76 Crider,
1494 4083 150 73 384,
1704 4084 145 72 183.

184 4183 297 61 RECESS.

409 4282 273 60 Preston
736 4279 217 63 Crider
1000 4276 205 66 called
1258 4278 106 64 the
1416 4278 181 64 class
1647 4281 298 76 together
1996 4282 256 81 leading
2304 4302 169 63 song
2529 4303 79 61 on
2661 4299 159 66 page
2862 4278 78 87 82.

183 4381 309 70 Leaders,
549 4380 123 72 Gib
724 4377 178 75 Hale,
957 4378 150 73 335,
1162 4375 153 76 480;
1366 4375 172 76 Alvin
1596 4377 252 75 Parker,
1905 4381 315 73 430,328;
2277 4384 169 70 Elvin
2502 4384 274 70 Guthrie,
2823 4377 117 78 322,

178 4480 153 70 496;
381 4477 325 73 Charlotte
757 4474 235 76 Hinkle,
1042 4476 151 75 304;
1242 4473 142 78 A.A.
1438 4473 276 78 Malone,
1765 4479 150 72 203,
1966 4480 153 72 432;
2172 4480 157 72 Unie
2382 4483 64 69 B.
2500 4482 280 70 Howard,
2826 4474 115 78 208;

175 4578 207 78 Alpha
432 4576 208 79 Black,
693 4576 147 79 371,
891 4573 150 82 391;
1095 4570 225 85 Pernie
1371 4572 262 84 Pelfrey,
1684 4576 151 79 399;
1890 4576 237 79 Estelle
2179 4581 252 78 Napier,
2482 4585 150 73 392,
2682 4581 138 78 382.

1543 4672 82 58 98
