3166 4960
246 141 279 84 ALVIN
558 147 561 97 BROTHERS
1149 166 210 82 AND
1392 171 81 81 B.
1512 174 42 78 I.
1587 175 321 81 WOOD
1938 175 531 84 MEMORIAL
2496 178 414 82 SINGING

910 286 286 81 Pilgrim's
1249 295 154 72 Rest
1431 298 289 69 Primitive
1750 300 232 78 Baptist
2008 300 244 78 Church

1263 394 355 63 November
1638 402 58 66 5,
1731 400 165 67 1989

322 471 132 61 The
493 478 241 60 annual
775 480 252 66 Sacred
1072 489 169 79 Harp
1279 492 259 79 Singing
1584 495 144 76 held
1770 502 63 69 at
1873 496 294 78 Pilgrim's
2211 498 159 76 Rest
2410 498 301 76 Primitive
2755 501 241 78 Baptist

175 571 220 66 Church
427 588 139 49 was
601 576 207 63 called
843 588 63 54 to
942 586 184 61 order
1158 589 79 75 by
1266 591 57 73 J.
1363 591 55 73 L.
1455 592 187 72 Oden
1680 594 247 78 leading
1963 609 205 64 songs
2203 612 82 61 on
2320 612 210 63 pages
2563 600 72 75 31
2655 598 40 76 b
2727 598 124 76 and
2887 601 102 73 37.

178 675 205 75 Prayer
417 687 139 63 was
600 673 102 76 led
745 678 79 76 by
870 681 138 73 Bro.
1056 685 270 69 Hershel
1371 688 168 78 King.
1584 690 57 76 J.
1687 690 54 76 L.
1788 691 187 75 Oden
2020 691 99 75 led
2161 709 168 63 song
2373 708 81 64 on
2497 711 171 61 page
2710 697 105 75 42.
2857 694 133 78 The

177 775 162 63 class
403 789 142 49 was
616 780 372 76 organized
1059 784 99 72 for
1224 787 112 69 the
1404 787 130 78 day
1602 789 84 76 by
1752 790 291 81 electing
2112 792 112 79 the
2295 793 327 79 following
2695 795 295 78 officers;

178 874 342 70 Chairman,
579 874 60 70 J.
706 874 58 70 L.
826 879 222 75 Oden;
1111 883 156 70 Vice
1326 886 375 73 Chairman,
1765 889 277 70 Hershel
2104 891 183 78 King;
2350 892 372 76 Secretary,
2788 894 202 75 Hazel

181 973 285 70 Brothers;
508 973 345 81 Arranging
894 982 388 72 committee,
1329 984 175 70 Ervin
1549 985 315 69 Brothers.
1905 988 57 66 J.
2008 987 57 67 L.
2109 990 189 64 Oden
2343 990 99 64 led
2484 1008 166 61 song
2694 1008 81 61 on
2818 1008 172 63 page

178 1074 127 60 47b.
361 1071 307 63 Leaders:
724 1074 279 61 Hershel
1060 1078 178 78 King,
1296 1083 105 73 34,
1458 1084 109 72 35;
1624 1084 178 72 Ervin
1860 1086 325 72 Brothers,
2242 1090 105 69 30,
2404 1090 151 69 30b,
2613 1092 109 69 31;
2779 1090 211 75 Henry

178 1171 295 70 Johnson,
541 1173 145 70 144,
748 1174 106 69 59;
913 1173 348 70 Woodrow
1318 1179 325 73 Brothers,
1705 1185 105 69 62,
1873 1185 108 70 75;
2041 1185 129 70 Phil
2233 1186 325 70 Brothers,
2620 1189 153 69 236,
2833 1189 154 69 373;

183 1269 204 61 Rhoda
442 1269 213 61 Norris
712 1270 130 60 and
900 1272 250 63 Willard
1213 1275 282 78 Hopper,
1563 1279 147 73 187,
1768 1282 156 70 384;
1984 1282 216 70 Loven
2260 1284 297 70 Earnest,
2619 1287 154 69 389,
2832 1288 156 67 405;

183 1366 165 63 Essie
397 1366 273 73 Calvert,
726 1371 153 70 460,
934 1372 153 72 378;
1146 1371 180 79 Larry
1381 1374 312 76 Lambert,
1756 1380 145 72 147,
1956 1380 150 72 332.

183 1465 264 63 RECESS.

313 1566 127 60 The
475 1566 178 60 class
688 1582 139 45 was
864 1570 205 60 called
1107 1576 64 54 to
1209 1573 183 60 order
1426 1575 79 75 by
1543 1573 54 76 J.
1641 1576 54 73 L.
1737 1576 189 73 Oden
1966 1578 249 79 leading
2256 1596 166 61 song
2461 1596 81 61 on
2584 1597 171 61 page
2793 1582 190 76 275b.

183 1663 276 61 Leaders:
510 1665 205 78 Alpha
768 1666 211 76 Black,
1039 1671 144 72 155,
1237 1672 153 70 343;
1438 1672 60 70 J.
1554 1672 66 70 P.
1674 1675 216 72 Hawk,
1942 1677 151 72 335,
2146 1680 153 70 480;
2353 1680 226 70 Colbie
2631 1681 129 69 and
2814 1681 172 75 Faye

180 1762 172 72 Allen,
409 1765 151 69 318,
621 1765 156 72 434;
840 1767 189 70 Ester
1083 1767 177 73 Wall,
1327 1773 148 70 142;
1539 1771 207 72 Mavis
1807 1774 202 73 Price,
2070 1777 153 70 298,
2284 1780 156 70 336;
2503 1779 175 72 Mark
2736 1779 246 76 Taylor,

184 1863 124 70 143,
375 1863 153 70 "Not
595 1863 198 70 Made
859 1866 162 67 With
1092 1867 288 75 Hands";
1450 1870 280 81 Eugene
1798 1873 418 78 Blackwood,
2289 1878 154 73 38b,
2512 1878 157 73 39b;
2742 1878 241 76 Evelyn

180 1960 441 78 Spradlin.Avie
673 1965 384 73 Blackwood
1107 1969 126 69 and
1287 1969 165 69 Billie
1503 1971 181 67 Dean
1738 1972 249 73 Bowlin,
2037 1977 150 69 329,
2244 1978 145 69 123;
2443 1977 267 70 Bernice
2761 1978 219 70 Greer,

183 2062 123 70 101,
361 2064 144 69 123;
559 2062 273 70 Vernice
889 2065 274 73 Calvert,
1227 2070 145 70 183,
1428 2073 153 70 291;
1639 2071 273 72 Preston
1968 2073 238 72 Crider,
2265 2077 150 69 462,
2470 2079 151 67 566.

180 2158 265 63 RECESS.

376 2259 129 61 The
558 2262 183 60 class
795 2266 310 58 resumed
1203 2266 141 60 with
1401 2268 273 61 Hershel
1729 2269 154 78 King
1941 2271 253 78 leading
2250 2289 169 61 song
2475 2289 79 61 on
2610 2290 174 60 page
2836 2277 150 73 340.

180 2356 289 63 Leaders"
522 2359 228 61 Jethro
807 2362 255 73 Collett,
1122 2367 154 69 560;
1336 2367 192 75 Lydia
1587 2368 297 73 Baswell,
1941 2370 214 75 Joyce
2211 2371 300 73 Wootten
2569 2373 129 72 and
2757 2373 223 72 Austin

180 2454 255 81 Phillips,
510 2458 153 76 358,
741 2461 199 76 "Pray
1012 2463 154 75 On",
1245 2467 153 70 277,
1480 2467 150 70 137;
1707 2467 229 70 Hazel,
2013 2467 228 76 Kathy,
2319 2469 132 75 Phil
2526 2470 130 73 and
2731 2470 256 76 Brandy

178 2553 271 63 Brothers
499 2559 126 58 and
678 2559 235 76 Sherry
964 2562 129 73 and
1140 2562 217 76 Jenny
1405 2563 274 75 Tanner,
1731 2568 153 70 274,
1935 2568 153 70 452;
2142 2566 157 72 Fred
2355 2568 261 70 Battles,
2670 2571 103 67 39,
2827 2571 151 67 330;

178 2650 150 61 Leon
393 2653 201 72 Price,
664 2659 154 67 217,
889 2661 157 67 402;
1114 2659 330 69 Christine
1513 2662 199 66 Leath
1780 2662 132 66 and
1977 2661 253 67 Willard
2299 2664 286 76 Hopper,
2655 2667 106 73 81,
2830 2667 156 73 319;

177 2746 309 64 Lawrence
531 2752 424 73 Underwood,
1002 2758 148 70 300,
1198 2760 151 69 430;
1393 2758 199 70 Wilda
1636 2758 283 70 Holmes,
1965 2761 106 67 44;
2115 2758 235 70 "Jesus
2395 2760 156 69 Died
2631 2761 94 67 for
2769 2761 148 67 Me".

177 2845 361 64 DISMISSED
562 2851 151 61 FOR
738 2853 264 61 LUNCH.

333 2947 129 61 The
502 2950 180 61 class
723 2968 141 43 was
906 2953 207 60 called
1156 2955 298 76 together
1495 2955 76 76 by
1618 2955 174 76 Ervin
1840 2955 297 76 Brothers
2181 2955 252 76 leading
2476 2971 168 61 song
2689 2973 81 60 on
2814 2971 172 63 page

172 3045 126 61 477.
355 3046 307 64 Leaders:
720 3051 285 61 Carmon
1065 3052 327 70 Brothers,
1452 3052 343 70 "Beautiful
1854 3051 216 72 Land:,
2133 3054 148 69 112;
2340 3052 159 70 Unie
2554 3052 66 70 B.
2682 3054 292 70 Howard,

175 3142 124 73 168,
360 3147 151 72 349;
579 3148 216 70 Milton
856 3150 238 72 Oliver,
1161 3153 154 69 224,
1381 3153 156 69 222;
1602 3150 180 72 Ervin
1849 3150 307 72 Brothers
2221 3150 102 72 led
2385 3153 118 69 301
2578 3151 130 70 and
2770 3154 85 67 45
2920 3153 55 69 in

172 3256 256 66 memory
481 3247 64 75 of
600 3247 342 79 Raymond
997 3249 291 78 Gilliland
1390 3250 129 76 and
1575 3249 226 78 Pearly
1855 3249 223 78 Smith;
2136 3249 187 78 Ester
2371 3247 153 79 Wall
2581 3249 99 78 led
2737 3250 129 76 68b
2920 3250 54 76 in

172 3355 253 67 memory
477 3348 64 75 of
591 3349 160 73 Pete
805 3349 274 73 Hames;
1132 3349 244 73 Barrett
1423 3349 240 75 Ashley
1711 3351 150 73 414,
1920 3349 145 75 108;
2118 3348 165 76 Aver
2331 3348 234 76 Crider,
2619 3349 151 75 36b,
2824 3351 150 73 421;

172 3438 168 67 Louie
397 3445 267 75 Battles,
733 3450 195 72 111b,
990 3450 202 72 312b;
1254 3448 172 73 Nora
1483 3448 252 73 Collett,
1797 3448 153 73 283;
2011 3445 199 76 Marie
2269 3445 285 76 Guthrie,
2620 3450 147 72 113,
2835 3450 148 72 192;

171 3538 213 69 Homer
436 3549 129 60 and
625 3550 231 60 Chuck
916 3550 330 69 Brothers,
1309 3549 339 70 "Brown","
1710 3546 184 73 Don't
1951 3546 237 73 Grieve
2244 3561 160 58 your
2461 3546 298 73 Mother",
2820 3549 154 70 335;

169 3637 198 67 Lamar
409 3646 220 73 Smith,
679 3651 106 69 32,
838 3649 150 70 76b;
1039 3646 268 73 Randall
1357 3646 219 73 Smith,
1626 3646 148 73 454,
1830 3646 145 73 189;
2026 3643 193 76 Linda
2263 3643 304 76 Thomas,
2623 3646 144 73 122;
2817 3646 160 75 Hoyt

169 3736 282 81 Renfroe,
526 3750 153 69 512,
753 3750 111 69 34;
939 3747 204 72 Marie
1215 3745 211 73 Hyatt,
1498 3745 154 73 313;
1723 3742 186 76 Arvid
1983 3739 294 79 Holmes,
2350 3742 153 76 213,
2575 3744 154 75 383;
2802 3744 178 75 Cecil

166 3837 283 79 Gilliland,
511 3849 154 69 208,
735 3847 151 70 171;
946 3844 226 73 Austin
1236 3841 279 76 Phillips,
1576 3843 106 75 40,
1750 3841 145 76 170.
1956 3838 58 79 J.
2130 3838 57 79 L.
2248 3838 192 79 Oden
2500 3840 130 78 and
2689 3841 282 76 Carmon

165 3934 276 70 Brothers
501 3945 100 60 led
660 3960 172 61 song
892 3958 84 63 on
1035 3955 177 66 page
1269 3942 84 79 62
1408 3939 96 82 for
1557 3937 109 84 the
1719 3936 252 85 closing
2028 3951 169 70 song
2257 3937 127 84 and
2440 3937 108 84 the
2604 3939 184 82 class
2841 3954 139 67 was

160 4033 325 69 dismissed
534 4044 141 60 with
726 4056 229 63 prayer
999 4039 82 79 by
1131 4036 136 82 Bro.
1320 4036 277 82 Carmon
1648 4033 318 85 Brothers.

160 4131 343 81 Chairman,
559 4141 58 70 J.
684 4141 54 70 L.
801 4138 217 73 Oden;
1078 4135 156 76 Vice
1291 4132 367 79 Chairman,
1723 4129 274 82 Hershel
2106 4129 178 82 King;
2341 4131 367 81 Secretary,
2769 4134 199 78 Hazel

159 4228 321 73 Brothers.

960 4335 313 81 HOLLY
1299 4330 426 85 SPRINGS
1750 4329 412 87 CHURCH

1171 4459 166 60 Near
1362 4458 283 69 Bremen,
1675 4455 273 78 Georgia

1242 4557 357 61 November
1620 4560 55 66 5,
1711 4557 163 69 1989

283 4672 130 63 The
453 4668 240 67 annual
732 4666 75 69 all
844 4663 127 75 day
1008 4657 249 81 Sacred
1297 4657 166 81 Harp
1500 4654 256 84 Singing
1797 4660 61 78 at
1896 4654 168 84 Holly
2101 4654 262 84 Springs
2403 4657 298 81 Primitive

1503 4756 120 57 165
