3150 4950
327 168 136 61 The
502 172 327 61 memorial
870 174 225 63 lesson
1137 177 51 60 is
1225 193 40 45 a
1306 178 472 79 long-standing
1816 180 282 78 tradition
2139 180 54 78 in
2233 181 247 76 Sacred
2521 181 169 79 Harp
2727 181 282 79 Singing.

168 268 93 61 No
309 276 229 54 matter
583 270 145 61 how
771 274 429 63 enthusiastic
1243 277 111 60 the
1398 277 252 78 singing
1699 279 123 76 has
1869 279 171 76 been
2091 280 52 75 in
2191 280 108 75 the
2343 280 229 75 earlier
2613 288 138 72 part
2796 282 66 78 of
2904 282 108 78 the

165 369 150 76 day,
388 370 375 75 traditional
837 373 271 79 singers
1179 376 253 76 always
1500 378 156 75 take
1725 378 154 75 time
1948 385 67 67 to
2086 379 379 73 remember
2530 379 114 73 the
2713 381 294 78 singers,

166 469 253 72 friends,
463 469 126 72 and
631 471 186 70 loved
856 489 169 52 ones
1060 474 144 67 who
1243 475 166 66 have
1446 475 147 66 died
1633 477 52 64 in
1725 477 106 64 the
1869 483 148 72 past
2050 493 171 61 year.

364 568 118 61 For
526 586 190 60 many
763 571 67 75 of
873 589 78 57 us
993 574 147 72 who
1185 591 111 55 are
1335 574 129 79 just
1506 576 240 78 getting
1792 592 115 61 our
1947 577 133 76 feet
2121 583 124 70 wet
2289 577 55 76 in
2391 579 108 75 the
2544 579 250 75 Sacred
2844 579 168 78 Harp

169 669 304 70 tradition,
523 685 70 54 or
636 685 171 54 even
852 672 253 78 singing
1153 673 123 76 this
1326 675 202 75 music
1573 675 94 75 for
1707 676 109 73 the
1860 676 130 73 first
2034 676 169 73 time,
2251 676 109 73 the
2407 678 327 72 memorial
2782 678 226 72 lesson

172 768 49 60 is
265 783 79 45 an
393 768 508 61 uncomfortable
945 777 135 70 part
1122 771 64 76 of
1225 787 40 60 a
1306 772 271 78 singing.
1623 774 219 76 Those
1881 774 144 76 who
2070 774 166 76 have
2280 775 171 75 been
2494 775 252 78 singing
2793 775 222 78 longer

171 865 306 61 consider
526 865 37 61 it
612 868 342 60 essential.
1056 870 57 60 In
1167 870 97 60 his
1362 871 327 76 recentley
1740 873 313 76 reprinted
2106 873 172 76 book
2326 874 135 75 The
2512 874 252 75 Sacred
2817 874 189 78 Harp,

175 964 168 61 Buell
387 966 189 60 Cobb
619 966 291 61 includes
954 984 40 43 a
1038 967 313 61 listener's
1392 976 279 54 account
1711 970 66 60 of
1818 987 39 43 a
1897 972 228 78 simple
2169 972 126 78 and
2340 973 300 76 powerful
2686 973 322 76 memorial

175 1065 220 60 lesson
439 1065 99 60 led
582 1065 79 76 by
702 1065 145 76 Mrs.
895 1066 162 75 Ruth
1099 1068 268 73 Denson
1413 1069 322 72 Edwards.
1777 1071 136 70 She
1953 1071 142 70 said
2139 1071 81 76 (in
2262 1074 159 75 part)
2464 1072 229 76 "When
2740 1072 12 76 I
2791 1089 141 60 was
2971 1089 40 60 a

177 1164 139 60 little
370 1164 129 78 girl,
562 1164 10 78 I
631 1164 195 78 didn't
882 1165 117 76 like
1053 1165 109 76 the
1221 1168 328 73 memorial
1608 1168 250 73 lesson.
1923 1170 12 72 I
1989 1170 273 78 thought
2316 1170 37 78 it
2403 1186 144 61 was
2601 1171 147 76 sad,
2808 1171 129 76 and
2997 1171 10 76 I

172 1263 252 60 wanted
472 1269 64 54 to
583 1269 112 72 get
742 1270 109 70 out
898 1264 64 76 of
1006 1264 109 76 the
1161 1266 261 75 church.
1474 1267 117 73 But
1636 1267 81 76 by
1767 1267 223 76 Daddy
2037 1269 142 75 said
2227 1275 63 69 to
2340 1285 123 58 me,
2517 1270 261 73 "Babe",
2827 1270 181 73 there

174 1362 106 60 will
367 1378 192 43 come
607 1378 40 45 a
690 1362 151 61 time
885 1363 190 61 when
1122 1365 178 75 you'll
1348 1365 169 75 think
1561 1366 187 73 that's
1795 1366 108 73 the
1948 1374 318 66 sweetest
2313 1368 225 72 lesson
2587 1369 66 70 of
2695 1369 130 72 all,"
2871 1369 136 72 And

175 1461 129 60 that
340 1461 147 60 time
532 1462 148 75 (she
720 1462 168 76 said)
933 1462 123 76 has
1095 1467 241 72 come."

363 1561 115 60 For
519 1561 108 60 the
670 1561 436 61 Southerners
1150 1579 237 63 among
1434 1579 79 63 us
1554 1564 106 78 the
1707 1566 319 76 memorial
2073 1566 225 76 lesson
2344 1567 51 75 is
2437 1573 226 69 sweet,
2710 1567 298 75 because

180 1660 88 60 it's
313 1677 40 43 a
394 1660 148 60 time
589 1666 61 54 to
699 1662 366 60 remember
1107 1662 127 60 and
1282 1663 202 60 honor
1527 1663 108 60 the
1678 1665 256 76 singers
1977 1665 144 76 who
2167 1665 168 76 have
2379 1666 240 75 shared
2665 1666 157 75 their
2869 1666 139 75 love

178 1759 64 60 of
294 1759 124 60 this
478 1759 207 60 music
741 1761 142 60 with
945 1777 78 43 us
1080 1761 96 60 for
1231 1777 192 60 many
1479 1779 220 60 years;
1755 1764 232 75 whose
2046 1764 258 78 leading
2362 1765 165 76 style
2584 1780 70 61 or
2709 1765 306 78 teaching

180 1858 253 60 method
478 1858 120 60 has
643 1858 274 78 inspired
961 1875 69 61 or
1066 1861 417 76 encouraged
1527 1876 99 61 us;
1665 1861 226 76 whose
1932 1863 145 75 drell
2121 1878 67 60 or
2224 1869 205 69 sweet
2469 1864 385 76 personality
2896 1864 120 76 has

178 1956 271 78 brought
504 1957 375 78 something
936 1959 253 76 special
1245 1965 63 70 to
1362 1959 516 78 singing-strong
1935 1960 280 78 singers,
2272 1960 262 78 singers
2635 1962 145 76 who
2841 1962 168 76 have

180 2055 276 60 become
502 2056 277 78 legends
825 2056 55 78 in
925 2056 109 78 the
1080 2056 232 78 history
1359 2058 64 76 of
1464 2058 247 76 Sacred
1761 2059 183 76 Harp,
1992 2059 255 76 faithful,
2295 2059 160 76 kind,
2505 2061 126 75 and
2677 2076 331 61 generous

180 2155 228 76 people
442 2155 228 76 whose
708 2155 297 76 absence
1038 2155 108 76 will
1185 2155 82 76 be
1302 2157 231 76 deeply
1566 2157 123 76 felt.
1731 2157 169 76 Even
1938 2173 189 60 some
2164 2158 64 75 of
2263 2175 76 58 us
2371 2158 144 75 who
2554 2158 249 75 haven't
2838 2158 168 75 been

180 2253 244 78 singing
465 2269 150 61 very
661 2253 163 78 long,
874 2254 168 76 have
1087 2260 126 70 met
1255 2254 126 76 and
1423 2271 166 61 sung
1632 2254 139 78 with
1813 2272 190 60 some
2047 2256 64 76 of
2149 2256 106 76 the
2299 2257 346 76 legendary
2689 2257 316 76 Southern

180 2352 249 78 singers
471 2353 18 76 (
528 2353 162 76 such
732 2368 78 61 as
849 2353 106 76 the
996 2353 123 76 late
1161 2353 184 76 Mack
1381 2353 289 76 Wootten
1711 2355 64 75 of
1810 2355 178 75 Sand
2031 2355 319 75 Mountain
2389 2356 126 73 and
2554 2356 106 73 the
2701 2356 123 73 late
2866 2356 138 73 D.T.

180 2451 241 76 White),
466 2452 126 75 and
631 2467 100 60 we
772 2467 124 60 see
937 2452 108 75 the
1087 2452 328 76 necessity
1458 2452 64 76 of
1561 2454 288 76 recalling
1891 2454 171 76 them
2106 2454 123 76 and
2271 2455 154 75 their
2461 2455 145 76 gifts
2646 2461 63 70 to
2751 2472 97 60 us.

336 2551 91 60 It's
465 2551 151 60 hard
652 2551 384 60 sometimes
1069 2559 63 52 to
1168 2551 168 60 think
1369 2553 193 60 about
1597 2553 193 60 death
1830 2553 52 60 in
1920 2553 160 60 such
2119 2569 40 43 a
2193 2554 297 76 personal
2526 2571 156 60 way,
2722 2554 294 76 because

183 2650 34 58 it
262 2667 231 43 seems
541 2656 63 54 to
655 2667 195 43 mean
900 2652 145 75 only
1092 2667 117 60 our
1255 2652 157 75 loss.
1465 2652 135 75 But,
1651 2667 79 60 as
1780 2652 145 75 Mrs.
1980 2652 307 75 Edwards
2334 2653 261 76 pointed
2644 2659 109 70 out
2802 2653 54 76 in
2908 2653 111 76 her

183 2748 321 60 memorial
556 2749 249 70 lesson,
861 2749 123 70 "for
1030 2749 75 70 all
1155 2749 199 70 forms
1404 2749 66 70 of
1516 2749 99 70 life
1665 2782 19 37 -
1732 2749 238 70 there's
2020 2766 39 54 a
2106 2751 247 73 cycle...
2404 2751 205 73 We're
2659 2751 144 75 only
2853 2752 153 73 born

180 2851 61 54 to
291 2847 123 60 die.
466 2847 117 60 We
634 2863 85 61 go
771 2847 301 78 throught
1122 2847 141 78 four
1308 2853 258 72 stages.
1620 2847 172 78 After
1836 2850 190 75 we're
2077 2848 175 76 born,
2307 2863 99 61 we
2455 2865 192 60 grow,
2698 2865 100 60 we
2853 2850 159 75 bear

180 2944 145 70 fruit,
369 2961 100 54 we
511 2961 148 61 age,
706 2946 127 76 and
877 2946 151 76 then
1071 2961 99 61 we
1212 2944 156 78 die."
1446 2944 114 78 We
1603 2950 166 72 must
1812 2944 168 78 keep
2022 2946 54 76 in
2121 2946 186 76 mind,
2352 2952 126 70 too,
2523 2946 132 76 that
2695 2946 94 76 for
2827 2962 187 60 some

181 3042 61 60 of
280 3058 112 45 our
429 3043 205 60 fellow
670 3043 256 76 singers
966 3043 144 76 who
1153 3043 166 76 have
1360 3043 163 76 died,
1567 3043 195 76 death
1800 3058 141 61 was
1980 3058 40 61 a
2059 3043 267 76 blessed
2371 3043 256 76 release
2668 3078 21 42 -
2727 3060 100 60 we
2865 3045 141 78 sing

181 3141 61 60 of
283 3141 36 60 it
363 3142 52 60 in
462 3159 189 58 many
696 3142 64 75 of
801 3157 114 60 our
954 3157 231 61 songs.
1233 3142 126 76 "I'm
1404 3141 267 78 fettered
1716 3141 124 78 and
1882 3141 277 78 chained
2205 3157 84 61 up
2332 3142 52 76 in
2428 3142 139 76 clay
2611 3175 19 43 -
2677 3142 12 76 I
2733 3144 282 78 struggle

180 3240 121 60 and
343 3247 153 70 pant
534 3247 64 70 to
640 3241 82 76 be
763 3241 156 76 free,
969 3240 10 78 I
1024 3240 144 78 long
1210 3246 64 72 to
1317 3240 81 78 be
1438 3240 255 78 soaring
1737 3241 228 76 away".
2010 3240 112 78 We
2163 3240 141 78 sing
2347 3241 234 76 "Death
2626 3241 52 76 is
2716 3241 108 76 the
2865 3249 150 70 gate

177 3343 63 55 to
291 3340 280 60 endless
619 3340 127 78 joy,
804 3340 145 78 "We
1003 3339 145 79 sing
1207 3339 66 79 of
1320 3345 211 73 sweet
1582 3339 214 79 fiends
1852 3339 268 79 arrayed
2179 3339 54 79 in
2289 3339 277 79 endless
2619 3355 204 63 green
2878 3342 127 76 and

181 3438 186 61 rivers
414 3439 67 60 of
520 3439 291 78 delight,"
856 3438 66 79 of
963 3454 40 63 a
1047 3438 189 79 place
1282 3438 256 79 "Where
1582 3438 244 79 trouble
1869 3438 160 79 shall
2074 3454 208 63 cease
2329 3438 126 79 and
2503 3439 309 78 harmony
2856 3441 157 76 shall

180 3538 306 61 abound."
523 3540 133 60 Our
693 3538 144 78 pain
879 3544 61 72 at
976 3538 106 78 the
1125 3538 135 78 loss
1299 3537 66 79 of
1395 3537 235 79 friends
1669 3537 126 79 and
1833 3537 204 79 family
2073 3552 97 64 we
2211 3537 204 79 loved,
2455 3537 64 79 of
2553 3538 192 78 those
2782 3540 231 78 people

177 3637 139 61 who
367 3639 169 60 have
585 3637 312 61 enriched
949 3652 115 46 our
1114 3637 156 61 lives
1324 3642 166 57 must
1540 3636 84 63 be
1675 3651 82 48 no
1809 3651 178 48 more
2038 3636 127 63 real
2217 3636 151 63 than
2421 3651 114 48 our
2580 3637 316 76 gratitude
2946 3645 61 69 at

180 3735 222 81 having
447 3738 226 78 known
718 3736 151 79 then
915 3742 64 73 at
1023 3735 166 81 least
1230 3751 78 64 as
1354 3735 141 81 long
1540 3750 79 66 as
1659 3750 99 66 we
1803 3733 124 82 had
1971 3733 150 82 then
2163 3733 139 82 with
2349 3750 97 66 us;
2490 3750 115 66 our
2643 3735 157 81 grief
2841 3742 166 73 must

178 3834 78 61 be
303 3852 79 45 no
430 3852 178 45 more
654 3835 129 61 real
828 3835 151 61 than
1027 3849 115 48 our
1182 3832 355 64 conviction
1582 3832 132 64 that
1753 3831 153 66 we'll
1951 3831 141 78 sing
2137 3831 139 78 with
2322 3831 171 78 them
2539 3832 189 76 again
2778 3832 55 76 in
2875 3834 132 75 that

175 3936 246 60 eternal
484 3936 150 76 day.
702 3934 297 78 Leaders
1111 3948 178 64 were
1348 3931 216 81 called
1624 3930 99 82 for
1777 3930 112 82 the
1953 3930 331 82 memorial
2349 3946 79 66 as
2488 3930 276 82 follows:
2823 3931 183 81 Jerry

175 4033 339 63 Schreiber
553 4035 100 61 led
696 4036 84 60 48
823 4033 94 63 for
957 4032 169 64 Leon
1170 4030 199 66 Smith
1414 4080 10 22 ,
1473 4029 355 73 California;
1872 4029 132 73 Kris
2047 4029 394 73 Richardson
2487 4029 99 73 led
2629 4032 70 70 61
2754 4032 127 70 and
2922 4035 82 67 45

172 4132 91 61 for
300 4135 108 60 the
451 4135 309 60 Northern
804 4131 369 64 deceased:
1218 4131 178 75 Betty
1440 4128 595 78 Fennev,Chicago,
2080 4128 283 78 Thomas
2409 4129 226 76 Benett
2677 4129 331 76 Freeman,

174 4231 94 63 Dr.
327 4234 132 61 Eric
516 4234 177 70 Kast,
748 4231 180 79 Virgil
984 4230 240 81 Florell,
1281 4228 255 82 Clifford
1590 4227 361 84 Maslanka,
2008 4227 204 84 Helen
2266 4227 288 84 Remley,
2611 4228 390 82 Minnesota;

172 4332 295 63 Matthew
507 4335 234 70 Weiss,
792 4333 262 72 Boston.
1104 4330 180 78 Hugh
1332 4329 292 79 McGraw
1665 4327 99 81 led
1810 4326 169 82 111b
2020 4326 93 82 for
2149 4327 106 81 the
2298 4327 306 81 southern
2646 4329 363 79 deceased:

165 4434 166 61 John
379 4435 234 60 Seiber
655 4434 67 61 of
766 4432 187 63 North
1002 4429 318 72 Carolina,
1371 4428 184 73 Mack
1597 4426 315 75 Wootten,
1962 4426 184 75 Elder
2185 4426 90 75 W.
2325 4426 69 75 C.
2445 4428 268 73 Barnes,
2802 4431 199 79 Ralph

165 4533 259 75 Adams,
468 4534 174 73 John
688 4531 319 76 Chessler
1047 4530 127 78 and
1219 4528 69 79 D.
1333 4528 64 79 T.
1441 4527 202 81 White
1720 4525 331 82 Alabama.
2100 4525 219 82 Daniel
2365 4527 267 81 Hudson
2679 4528 321 81 .Georgia.

163 4633 258 78 Tommy
459 4632 312 81 Spurlock
807 4630 208 82 spoke
1056 4629 195 84 about
1287 4629 106 84 the
1431 4626 279 87 suddent
1749 4630 216 82 recent
2002 4624 300 88 illnesses
2338 4626 67 87 of
2440 4626 256 87 Lurleen
2740 4629 202 84 Heath

1548 4728 84 57 53
