3150 4950
172 163 181 64 lunch
393 175 63 55 at
489 171 108 60 the
633 172 264 79 College
934 175 333 76 Cafeteria.
1306 175 114 76 We
1458 174 171 78 hope
1663 178 63 73 to
1764 175 169 76 meet
1968 165 190 87 again
2199 168 147 84 next
2377 172 156 79 year
2568 160 64 91 at
2665 153 106 99 the
2808 168 166 84 same

171 264 205 76 place.
420 268 133 72 The
592 273 384 67 convention
1015 289 139 51 was
1192 273 226 67 closed
1456 271 141 69 with
1635 270 171 70 John
1848 267 286 73 Ramsey
2176 259 253 81 leading
2470 252 279 88 "Parting
2791 252 189 88 Hand"

174 378 81 46 on
295 381 171 63 page
507 370 81 73 62
627 370 127 73 and
792 370 136 73 with
969 387 240 61 prayer.

174 462 364 81 Secretary,
592 468 298 75 Caroline
942 469 351 73 Simmons.

1140 570 471 81 HARMONY
1632 564 397 87 CHURCH

1135 696 501 75 Lawrenceburg,
1665 694 379 76 Tennessee

1354 793 142 73 May
1518 793 105 73 20,
1656 790 163 76 1989

340 891 132 61 The
513 894 232 58 annual
787 894 231 58 Mattox
1059 891 318 61 Memorial
1417 888 246 64 Sacred
1704 886 166 76 Harp
1906 883 259 79 Singing
2203 897 139 66 was
2383 880 139 82 held
2563 895 79 67 on
2683 880 283 82 Saturday

178 987 225 61 before
453 991 109 58 the
610 991 157 58 third
820 991 267 75 Sunday
1140 991 55 75 in
1249 990 165 76 May.
1470 987 156 79 Neal
1681 985 235 81 Mattox
1963 982 319 84 welcome
2331 994 327 72 everyone
2707 981 121 85 and
2875 982 90 84 the

177 1086 181 60 class
402 1104 141 43 was
588 1089 208 58 called
843 1095 64 52 to
955 1089 184 58 order
1185 1087 78 73 by
1309 1086 268 75 Clayton
1629 1083 168 78 Ezell
1846 1080 252 81 leading
2145 1095 169 66 song
2364 1093 79 67 on
2493 1093 169 67 page
2706 1080 99 81 45.
2851 1080 112 81 The

181 1183 282 78 morning
511 1201 228 60 prayer
777 1201 142 60 was
964 1185 99 76 led
1110 1185 81 76 by
1234 1183 127 78 Tim
1410 1180 348 81 Reynolds.
1806 1179 133 82 The
1983 1177 181 84 class
2209 1176 343 85 organized
2598 1176 79 85 by
2719 1176 243 85 electing

178 1281 114 60 the
379 1282 340 78 following
811 1282 306 78 officers:
1206 1279 393 81 Chairman,
1690 1276 198 84 Mack
1971 1275 264 85 Taylor;
2323 1273 387 87 Secretary,
2797 1275 165 85 Irene

183 1378 382 72 Robertson;
609 1380 343 78 Arranging
996 1378 399 79 Committee,
1441 1377 264 81 Clayton
1750 1374 163 84 Ezell
1959 1374 123 84 and
2127 1372 255 85 Gordon
2425 1372 355 85 Wilkerson.
2824 1374 145 84 Mark

180 1476 223 76 Taylor
447 1479 100 73 led
592 1494 168 61 song
807 1494 84 61 on
936 1494 214 61 pages
1194 1479 84 76 45
1324 1524 12 31 ,
1389 1477 123 78 143
1558 1474 126 81 and
1734 1473 187 82 176b.
1971 1471 304 84 Leaders:
2323 1471 180 84 Dene
2545 1471 216 84 Taylor
2799 1474 166 81 323b,

181 1578 153 67 313;
391 1576 178 69 Adell
628 1576 207 70 Dodd,
892 1578 154 69 480;
1102 1575 129 72 Tim
1291 1573 354 75 Reynolds,
1702 1572 196 76 452b,
1954 1573 153 75 371;
2161 1570 133 78 Ora
2349 1570 126 78 Lee
2530 1570 253 78 Fannin,
2836 1573 127 75 345,

181 1674 222 70 83,73;
451 1674 264 70 Gordon
762 1674 373 70 Wilkerson,
1189 1674 145 70 144,
1389 1672 147 72 145;
1585 1669 244 75 Bobbie
1876 1669 202 75 Giest,
2133 1671 142 73 112,
2323 1671 105 73 40;
2476 1668 75 76 O.
2604 1668 61 76 K.
2718 1668 240 76 Rooker,

183 1773 105 69 59,
345 1773 145 69 168;
543 1771 238 70 Estelle
832 1771 250 76 Napier,
1140 1771 144 76 111,
1338 1771 145 76 123,
1533 1770 153 78 373;
1731 1768 232 79 James
2013 1767 238 81 Hayes,
2301 1768 102 79 89,
2455 1768 99 79 67.

187 1869 297 60 RECESS.

382 1968 172 60 Mark
597 1968 225 75 Taylor
864 1968 205 75 called
1114 1968 108 75 the
1266 1966 178 76 class
1488 1966 295 76 together
1825 1966 249 76 leading
2118 1981 207 61 songs
2368 1981 79 61 on
2494 1980 207 63 pages
2743 1966 76 76 77
2860 1965 103 78 and

184 2068 153 57 268.
405 2067 315 60 Leaders:
786 2067 180 60 Irene
1029 2065 393 70 Robertson,
1485 2067 151 69 460,
1704 2067 147 69 141;
1914 2065 238 70 Robert
2209 2064 315 76 Aldridge,
2584 2062 192 78 343b;
2835 2062 126 78 Lola

189 2166 393 69 Robertson,
648 2167 144 67 137,
855 2167 148 67 182;
1057 2164 123 70 Jim
1237 2164 277 70 Carnes,
1570 2166 106 69 82,
1738 2166 144 69 171;
1942 2163 226 72 Pernie
2224 2163 262 73 Pelfrey,
2550 2161 183 75 145b,
2787 2161 171 75 275b;

190 2263 136 58 Bob
370 2263 238 58 Fannin
651 2263 150 70 80b;
849 2263 205 70 Elmer
1093 2262 273 72 Conwill,
1417 2265 141 69 146,
1603 2265 100 69 45,
1750 2262 145 72 74b.

190 2361 396 61 DISMISSED
610 2361 153 61 FOR
784 2361 262 61 LUNCH.

345 2461 135 58 The
517 2461 328 58 afternoon
885 2460 262 60 session
1186 2460 300 60 resumed
1521 2460 136 60 with
1696 2460 168 60 Mark
1897 2458 216 75 Taylor
2148 2457 244 76 leading
2428 2472 201 61 songs
2665 2470 76 63 on
2778 2469 180 64 pages

189 2562 132 57 288
381 2559 129 60 and
573 2560 151 58 290.
790 2559 313 60 Leaders:
1167 2559 262 60 Gordon
1489 2557 376 70 Wilkerson,
1927 2559 151 69 434;
2142 2554 240 78 Margie
2442 2553 328 79 Norwood,
2827 2553 127 79 405,

189 2659 202 70 535b;
451 2658 133 72 Tim
646 2658 360 75 Reynolds,
1069 2659 316 73 455,186;
1444 2656 274 76 Clayton
1779 2655 193 78 Ezell,
2040 2656 145 76 138,
2245 2655 153 78 294;
2461 2652 100 81 Iva
2620 2652 121 81 Lee
2800 2647 154 85 Byrd,

189 2758 156 69 457;
409 2755 433 78 Christopher
904 2755 261 78 Mattox,
1233 2757 102 76 63,
1399 2755 153 78 341,
1620 2755 105 78 65;
1786 2752 132 81 Ora
1981 2752 129 81 Lee
2175 2749 261 84 Fannin,
2499 2748 195 85 523b;
2751 2746 205 87 James

193 2854 294 76 Hughes,
547 2856 150 75 421,
762 2856 145 75 100;
967 2851 229 79 Pernie
1254 2851 264 79 Pelfrey,
1576 2851 150 79 358;
1788 2850 205 81 Elmer
2047 2848 276 82 Conwill,
2379 2847 148 84 36b,
2587 2848 142 82 155;
2781 2844 70 87 O.
2904 2841 49 90 K.

193 2952 277 72 Rooker,
531 2953 154 70 384;
745 2950 138 73 Bob
940 2949 261 75 Fannin,
1263 2950 105 73 61;
1428 2946 240 78 Margie
1726 2946 337 78 Norwood,
2130 2947 145 76 147;
2329 2944 121 79 Jim
2509 2944 265 79 Carnes,
2829 2940 124 84 436,

190 3052 150 60 "Not
382 3051 190 61 Made
610 3049 138 63 with
793 3048 267 64 Hands".
1107 3046 169 66 Mark
1312 3045 219 75 Taylor
1570 3045 94 75 led
1740 3045 106 75 the
1885 3043 243 78 closing
2169 3060 165 61 song
2374 3058 81 63 on
2496 3057 165 64 page
2700 3040 118 81 337
2854 3034 100 87 and

187 3150 358 61 dismissed
591 3151 111 60 the
745 3148 183 63 class
969 3145 141 66 with
1155 3159 241 63 prayer.

190 3250 367 69 Chairman,
612 3247 172 72 Mark
834 3244 241 76 Taylor;
1128 3243 358 78 Secretary,
1542 3240 177 81 Irene
1768 3240 387 81 Robertson.

567 3351 271 78 CANE
871 3348 330 81 CREEL
1236 3345 486 84 PRIMITIVE
1756 3345 412 84 BAPTIST
2200 3342 421 87 CHURCH

1138 3471 307 60 Cleburne
1471 3468 258 75 County,
1755 3468 306 75 Alabama

1363 3567 139 73 May
1525 3568 102 72 21,
1662 3568 162 72 1989

349 3675 133 60 The
522 3670 229 64 annual
792 3667 241 67 Sacred
1074 3667 166 75 Harp
1275 3664 256 78 Singing
1572 3669 61 73 at
1669 3663 184 79 Cane
1890 3664 208 78 Creek
2137 3666 298 76 Primitive
2473 3663 235 79 Baptist
2743 3655 214 87 Church

190 3777 52 60 in
280 3774 316 63 Cleburne
634 3769 262 72 County,
936 3766 306 75 Alabama
1273 3778 136 63 was
1449 3762 139 79 held
1626 3777 79 64 on
1741 3762 106 79 the
1884 3763 148 78 third
2071 3763 262 78 Sunday
2373 3765 52 76 in
2464 3763 159 78 May.
2661 3762 126 79 The
2818 3757 147 84 class

184 3888 139 46 was
369 3868 205 66 called
622 3865 294 78 together
960 3864 78 79 by
1086 3861 195 82 Lewis
1330 3859 229 84 Norton
1609 3859 250 84 leading
1906 3876 210 67 songs
2164 3877 81 66 on
2293 3877 213 66 pages
2557 3862 108 81 101
2722 3856 115 87 and
2881 3853 82 90 77.

187 3970 169 61 Cecil
405 3964 303 67 Edwards
753 3961 99 70 led
900 3961 108 70 111
1063 3958 124 73 and
1237 3960 139 72 112.
1462 3955 196 76 Lewis
1704 3957 249 75 Norton,
2001 3960 102 72 75.
2152 3958 247 76 Harvey
2442 3960 216 75 Austin
2700 3957 139 78 then
2880 3948 79 87 led

186 4071 106 60 the
342 4065 282 75 morning
673 4075 241 64 prayer.
964 4057 133 82 The
1143 4056 178 84 class
1369 4053 345 87 organized
1764 4054 78 85 by
1887 4056 276 84 electing
2211 4057 109 82 the
2365 4057 309 82 following
2722 4053 243 87 officers:

186 4165 364 66 Chairman,
609 4158 201 73 Lewis
862 4156 256 75 Norton;
1171 4153 151 78 Vice
1377 4150 363 81 Chairman,
1795 4152 175 79 Cecil
2025 4153 330 78 Edwards,
2412 4156 358 75 Secretary,
2826 4149 141 82 Mary

187 4266 309 61 Florence
549 4257 223 70 Smith;
822 4252 346 76 Arranging
1222 4248 376 81 Committie,
1657 4248 240 81 Margie
1948 4251 201 78 Smith
2205 4252 126 76 and
2388 4252 235 76 Hester
2674 4245 292 84 Edwards;

187 4359 322 67 Memorial
562 4353 402 73 Committee,
1021 4348 157 78 Ruth
1233 4347 237 79 Brown.
1570 4345 234 81 Lemon
1858 4347 220 79 Brown
2127 4365 141 61 was
2319 4350 390 79 recognized
2760 4350 73 79 by
2877 4344 87 85 the

183 4465 181 60 class
412 4458 190 76 being
651 4455 108 79 the
810 4452 309 82 honorary
1168 4444 358 90 Chairman.
1581 4443 283 91 Leaders
1912 4447 208 87 called
2169 4464 193 70 were:
2409 4450 180 84 Jerry
2637 4440 331 94 Sheppard,

189 4561 189 72 176b,
435 4558 147 75 177;
634 4554 172 79 Mary
858 4549 40 84 F
949 4546 216 87 Smith,
1219 4545 147 88 276,
1420 4545 127 88 535
1596 4542 94 91 for
1737 4543 156 90 Sam
1942 4545 237 88 Jones;
2232 4548 147 85 Billy
2424 4549 129 84 Joe
2605 4548 228 85 Harris,
2878 4542 85 91 47,

183 4666 105 69 48;
333 4660 121 75 Ola
499 4656 183 79 Pruitt
724 4650 127 85 and
898 4648 177 87 Betty
1113 4645 171 90 Jean
1329 4642 172 93 King,
1554 4642 141 93 164,
1747 4644 144 91 124;
1939 4644 141 91 Carl

1546 4741 81 57 64
