3150 4950
148 151 273 64 location
484 154 69 61 of
610 159 132 60 and
804 162 361 66 directions
1221 174 66 55 to
1347 171 303 61 Wilson's
1708 169 277 78 Chapel.
2047 169 136 78 The
2241 168 337 79 chairman
2638 166 130 81 and
2830 166 156 81 Vice

150 252 334 63 Chairman
532 259 250 73 agreed
831 267 64 66 to
940 280 127 52 see
1113 267 135 66 that
1290 268 124 64 this
1456 286 142 46 was
1641 270 177 63 done
1861 268 225 64 before
2134 273 147 60 next
2325 268 213 72 year's
2581 265 409 75 convention.

150 354 126 61 The
328 351 325 64 business
705 360 280 61 session
1038 363 157 61 then
1249 367 243 58 ended.
1549 367 586 58 Announcements
2187 378 174 48 were
2418 363 216 69 made,
2692 361 130 70 and
2875 361 111 70 the

153 450 370 64 convention
565 451 231 64 closed
841 457 57 60 in
939 459 108 60 the
1086 462 348 60 traditional
1479 478 265 45 manner
1780 462 138 61 with
1959 462 108 61 the
2109 460 256 63 officers
2406 459 252 76 leading
2700 474 168 61 song
2911 474 81 61 on

156 565 160 66 page
358 552 103 79 62,
508 550 283 81 "Parting
840 555 235 76 Hand".

157 651 351 70 Chairman,
562 649 276 72 Richard
889 655 300 78 DeLong;
1237 658 156 75 Vice
1441 658 364 75 Chairman,
1858 657 183 76 Sheri
2088 655 229 78 Webb;
2365 655 366 78 Secretary,
2785 654 207 79 Karen

160 750 244 70 Rollins;
453 748 175 72 Ass't
718 751 367 78 Secretary,
1137 754 220 75 Vivian
1407 754 274 78 Rogers.

802 856 427 79 FAYETTE
1258 856 408 82 COUNTY
1692 856 639 82 CONVENTION

759 982 246 61 Brewer
1027 984 180 60 State
1228 984 216 61 Junior
1467 985 276 78 College,
1774 984 273 79 Fayette,
2076 984 306 79 Alabama

1305 1083 240 79 August
1570 1086 57 76 6,
1662 1086 165 76 1989

318 1183 129 61 The
486 1183 148 61 90th
673 1182 267 63 session
981 1183 66 61 of
1080 1183 108 61 the
1228 1183 234 61 annual
1504 1183 259 78 Fayette
1803 1183 250 78 County
2091 1183 246 78 Sacred
2379 1182 169 79 Harp
2586 1180 399 81 Convention

163 1300 127 46 was
339 1282 141 64 held
531 1288 63 58 at
642 1282 252 64 Brewer
939 1284 186 63 State
1168 1284 225 63 Junior
1435 1284 271 79 College
1755 1284 127 79 and
1929 1299 141 64 was
2115 1282 210 81 called
2371 1288 64 75 to
2485 1281 187 82 order
2718 1281 81 82 by
2848 1279 136 84 Earl

169 1384 294 78 Ballinger
505 1384 250 78 leading
799 1399 168 63 song
1012 1399 84 63 on
1140 1399 174 63 page
1354 1384 151 78 39b.
1548 1384 57 78 J.
1654 1383 57 79 L.
1759 1384 313 78 Ballinger
2113 1383 99 79 led
2256 1383 108 79 the
2409 1381 285 81 morning
2739 1395 244 67 prayer.

169 1483 123 61 Earl
334 1483 306 78 Ballinger
676 1483 150 78 then
870 1483 100 78 led
1011 1498 168 63 song
1221 1500 84 61 on
1347 1500 172 63 page
1558 1483 244 79 89.The
1842 1483 181 79 class
2064 1482 345 81 organized
2451 1482 82 81 by
2571 1479 276 84 electing
2887 1479 108 84 the

166 1584 310 78 following
546 1582 297 79 officers;
912 1582 379 79 Chairman,
1359 1582 268 79 Johnny
1698 1582 312 79 Humber;
2079 1582 160 79 Vice
2307 1581 381 81 Chairman,
2763 1579 222 82 Linton

172 1681 331 78 Ballinger;
574 1681 378 78 Secretary,
1029 1681 148 78 Lisa
1246 1681 348 79 Ballinger;
1665 1681 363 79 Arranging
2098 1680 423 81 Committee,
2596 1678 189 82 Larry
2854 1677 132 84 and

172 1780 195 60 Edwin
414 1780 327 76 Ballinger.
786 1780 259 76 Johnny
1090 1780 283 76 Humber
1416 1780 99 76 led
1560 1795 169 61 song
1777 1795 81 61 on
1905 1795 172 61 page
2127 1780 124 76 134
2296 1777 127 79 and
2512 1777 259 79 leaders
2814 1791 172 66 were

169 1876 225 60 called:
460 1876 243 60 Amber
769 1876 346 78 Ballinger,
1183 1879 111 75 30;
1365 1876 222 78 Dwain
1657 1876 346 78 Ballinger,
2076 1878 108 76 63;
2248 1875 100 79 Jill
2419 1873 346 81 Ballinger,
2836 1875 157 79 388;

169 1975 169 76 Jerry
396 1975 303 76 Jenkins,
768 1977 151 75 127;
982 1975 249 76 Ashley
1296 1975 342 78 Ballinger,
1708 1977 151 76 108;
1926 1974 237 79 Gravis
2227 1972 343 81 Ballinger,
2643 1974 151 79 168;
2863 1971 130 82 Kim

169 2074 280 72 Jenkins,
507 2077 106 69 99;
672 2074 289 72 Miranda
1017 2074 273 72 Barnes,
1353 2077 147 69 120;
1555 2074 187 72 Chris
1798 2074 337 78 Ballinger,
2193 2076 153 76 299;
2404 2073 195 79 Emily
2656 2071 336 81 Ballinger,

172 2175 96 70 84;
324 2173 217 76 Buddy
597 2173 336 79 Ballinger,
988 2176 154 76 300;
1198 2175 160 78 Beth
1411 2175 238 78 O'Dell,
1711 2175 148 78 186;
1918 2173 297 79 Rayburn
2274 2172 301 81 Humber,
2632 2173 154 79 441;
2845 2170 145 82 Lisa

175 2272 322 78 Ballinger,
565 2275 148 75 151;
775 2274 234 76 Arnold
1072 2274 247 76 Moore,
1383 2275 154 75 378;
1600 2272 147 78 Lisa
1804 2272 306 78 Gilmore,
2172 2274 156 76 383;
2388 2271 250 79 Alonzo
2701 2269 283 81 Malone,

174 2373 138 70 298;
357 2371 183 72 Josie
589 2373 199 76 Hyde,
840 2374 153 75 492;
1042 2373 220 76 Elman
1312 2371 288 78 Howton,
1650 2376 150 73 500,
1849 2373 151 76 546;
2050 2371 135 78 Ann
2230 2371 150 78 Jett,
2430 2371 105 78 43,
2584 2371 153 78 448;
2790 2368 199 81 Doyle

174 2470 309 73 Williams,
546 2475 151 69 200.

177 2569 280 63 RECESS.

330 2671 171 78 Larry
541 2673 307 78 Ballinger
883 2671 204 79 called
1128 2671 106 79 the
1272 2671 180 79 class
1489 2671 165 79 back
1690 2670 292 81 together
2022 2670 247 81 leading
2308 2685 166 66 song
2515 2685 81 66 on
2637 2683 172 67 page
2848 2668 147 82 327.

177 2769 292 64 Leaders:
517 2772 238 61 James
808 2772 202 78 Pugh,
1065 2773 154 76 569;
1272 2772 280 78 Geneva
1600 2769 223 81 White,
1882 2772 148 78 100;
2082 2769 222 81 Toney
2355 2767 222 82 Smith,
2635 2769 145 81 180,
2836 2769 153 81 310;

177 2868 138 61 Mae
370 2871 342 75 Seymour,
772 2872 153 73 460,
993 2872 148 73 101;
1204 2871 109 75 Mr.
1377 2869 126 76 and
1566 2869 129 76 Mrs
1753 2868 57 78 L.
1875 2868 72 78 H.
2007 2866 303 79 Gilmore,
2371 2868 153 78 341,
2584 2868 109 78 85;
2755 2865 243 81 Estelle

175 2965 214 73 Glenn,
441 2971 144 69 131;
634 2970 262 76 George
942 2968 157 78 Cox,
1147 2970 153 76 295;
1350 2968 145 78 Lola
1540 2967 352 79 Robinson,
1941 2967 148 79 313,
2137 2964 159 82 Arlie
2343 2964 259 82 Harper,
2649 2964 148 82 436,
2847 2964 150 82 477;

177 3063 205 63 Flarce
435 3067 210 70 Creel,
700 3069 156 69 384;
913 3067 210 70 Elmer
1173 3066 283 72 Conwill,
1510 3066 151 72 286,
1722 3064 148 73 129;
1924 3063 133 75 Ora
2110 3061 126 76 Lee
2293 3060 262 78 Fannin,
2613 3061 108 76 68;
2776 3060 213 78 Edwin

177 3160 319 79 Ballinger,
556 3166 103 73 73,
721 3166 103 73 77.

177 3258 379 64 DISMISSED
579 3262 153 60 FOR
753 3261 264 61 LUNCH.

354 3360 133 60 The
532 3361 336 58 afternoon
915 3358 270 61 session
1228 3373 139 46 was
1411 3357 205 63 called
1662 3355 297 76 together
1999 3354 78 78 by
2124 3354 211 78 Linton
2383 3352 312 79 Ballinger
2739 3352 252 79 leading

175 3469 156 66 song
378 3474 81 61 on
505 3475 174 61 page
730 3460 145 76 143.
927 3457 307 79 Leaders:
1281 3456 244 81 Wayne
1572 3453 261 84 Baines,
1879 3454 150 82 373,
2076 3453 151 84 480;
2272 3450 229 87 Ozella
2544 3450 249 87 Chafin,
2841 3451 151 85 296;

178 3553 291 66 Harrison
529 3558 214 72 Creel,
807 3559 156 70 498;
1026 3556 60 73 L.
1150 3556 66 73 E.
1282 3553 300 76 Hannah,
1642 3555 154 75 456;
1858 3552 130 78 Tim
2049 3550 304 79 Gilmore,
2416 3550 316 79 328,142;
2796 3547 198 82 Marie

174 3654 304 82 Aldridge,
537 3660 151 76 217,
751 3660 147 76 192;
957 3655 187 81 Chris
1198 3654 130 82 Bell
1386 3652 124 84 and
1564 3651 211 85 Justin
1833 3649 273 87 Keeton,
2167 3649 144 87 124,
2376 3649 145 87 153;
2580 3646 178 90 Edith
2811 3646 180 90 Tate,

180 3756 133 73 137,
367 3760 105 70 53;
529 3757 174 73 Buell
759 3757 208 73 Cobb,
1023 3757 106 73 81,
1189 3756 148 75 131;
1390 3751 262 79 Tressie
1704 3748 259 82 Adkins,
2022 3750 105 81 78;
2182 3747 240 84 Robert
2469 3747 318 84 Aldridge,
2841 3748 153 82 371;

177 3853 283 79 Fayrene
525 3858 295 75 Pickard,
892 3858 150 75 176,
1107 3856 159 76 323;
1326 3852 175 81 John
1567 3850 205 82 Hyde,
1839 3850 109 82 61;
2011 3847 279 85 Christie
2352 3847 202 85 Allen,
2620 3849 151 84 269,
2838 3849 156 84 345;

174 3955 207 64 Cecile
426 3960 154 72 Cox,
628 3961 150 70 318.

175 4054 285 67 RECESS.

340 4161 169 61 John
556 4159 229 63 Merritt
825 4156 207 66 called
1075 4155 108 67 the
1225 4153 181 69 class
1446 4150 295 78 together
1782 4147 250 81 leading
2076 4162 207 66 songs
2326 4162 81 66 on
2452 4162 213 66 pages
2710 4149 124 79 176
2878 4149 124 79 and

177 4258 136 61 177.
376 4260 318 61 Leaders:
759 4255 261 66 Charlie
1081 4252 268 69 Baines,
1417 4252 150 69 155;
1632 4248 223 76 Peggy
1915 4246 346 78 Bergman,
2323 4246 153 78 434,
2544 4248 148 76 189;
2757 4246 243 78 Rupert

171 4354 405 84 Yarbrough,
657 4359 153 79 182,
892 4356 154 82 196;
1126 4351 189 87 Etma
1389 4348 264 90 Barton,
1728 4347 157 91 216;
1965 4344 147 94 Bert
2184 4342 231 96 Smith,
2491 4345 157 93 405;
2724 4344 280 94 Clearcy

172 4453 327 84 Rutledge,
556 4459 147 78 146;
757 4453 213 84 Marlin
1021 4449 303 88 Beasley,
1372 4449 151 88 336,
1572 4446 153 91 348;
1771 4443 220 94 Toney
2038 4441 219 96 Smith,
2305 4444 150 93 385,
2505 4444 130 93 250
2680 4443 94 94 for
2814 4444 58 93 J.
2925 4444 69 93 H.

172 4552 310 84 Ballinger.
522 4557 258 79 Johnny
817 4551 282 85 Humber
1134 4548 97 88 led
1300 4560 165 76 song
1503 4558 81 78 on
1621 4557 171 79 page
1827 4543 85 93 45
1947 4540 124 96 and
2112 4540 289 96 Harrison
2439 4540 183 96 Creel
2656 4542 348 94 dismissed

165 4654 136 63 with
370 4671 258 64 prayer.

1533 4741 120 58 117
