3186 4972
202 181 342 79 permitting
589 201 76 60 us
703 193 63 67 to
805 192 334 69 assemble
1176 199 64 61 to
1278 195 139 78 sing
1458 196 252 76 praises
1747 202 63 70 to
1851 195 96 78 his
1987 192 154 81 Holy
2184 205 211 67 name.
2439 189 114 84 We
2596 199 111 73 are
2746 183 255 90 thankful

201 274 93 61 for
352 292 114 46 our
526 282 136 61 fore
723 285 250 64 fathers
1033 291 124 58 and
1222 292 289 60 mothers
1569 292 147 60 who
1771 289 261 63 worked
2094 304 81 48 so
2239 286 157 66 hard
2460 282 129 70 and
2653 279 240 73 faithful
2947 292 51 60 to

201 376 258 73 provide
510 394 76 55 us
630 382 141 67 with
817 384 123 66 this
985 387 304 63 tradition.
1380 388 114 61 We
1540 388 193 61 thank
1777 388 168 61 each
1995 385 127 64 and
2170 399 196 58 every
2415 396 130 61 one
2589 378 148 79 who
2785 378 210 81 helped

198 471 138 61 with
384 474 105 60 the
537 477 280 63 bountful
864 483 226 76 supply
1137 484 64 75 of
1243 484 310 75 delicious
1599 486 148 73 food
1797 484 124 75 and
1972 481 489 78 refreshments.
2511 477 114 82 We
2673 475 190 84 thank
2907 481 82 78 Mt.

201 567 241 64 Moriah
501 574 255 61 Church
813 577 96 60 for
961 579 159 60 their
1174 580 363 76 hospitality
1594 582 127 75 and
1779 580 313 76 facilities.
2203 577 118 79 We
2382 576 174 81 hope
2664 589 123 67 you
2844 577 147 79 have

199 667 292 61 received
529 687 39 45 a
606 672 283 79 blessing
927 676 151 75 from
1116 678 244 76 singing
1399 679 186 75 these
1623 679 99 75 old
1761 694 222 61 songs.
2056 678 114 78 We
2211 690 111 66 are
2361 673 210 82 happy
2608 678 63 78 to
2710 673 157 82 have
2901 679 85 76 the

198 763 189 63 Clear
429 768 208 61 Creek
679 771 399 61 Convention
1126 774 208 60 united
1380 775 136 58 with
1566 789 96 46 us.
1708 775 112 60 We
1866 775 144 60 look
2050 772 267 63 forward
2362 778 66 57 to
2475 771 276 79 meeting
2796 781 60 69 at
2893 778 97 72 Old

196 861 195 63 Clear
454 865 216 61 Creek
736 876 151 52 next
948 885 177 61 year.
1197 871 448 78 Respectfully
1710 873 376 76 submitted,
2158 871 289 78 Carmon
2517 870 304 79 Brothers
2881 880 106 69 and

198 958 285 81 Douglas
522 963 201 76 Conn.
801 966 276 73 Finance
1116 967 376 72 Committee
1534 969 309 78 reported:
1885 969 282 78 Balance
2208 967 268 81 brought
2514 967 276 81 forward,

193 1054 310 76 $114.00;
559 1062 333 69 Collected
946 1062 310 73 $179.57;
1312 1066 153 69 Paid
1519 1072 109 63 out
1677 1068 96 67 for
1824 1068 276 67 minutes
2154 1066 268 72 $50.00;
2476 1068 106 78 gift
2632 1075 63 70 to
2745 1072 228 78 church,

193 1153 315 76 $129.57;
570 1159 135 70 End
765 1161 66 69 of
883 1162 319 67 business
1258 1165 295 64 session.
1617 1164 310 66 Leaders:
1990 1167 276 63 Preston
2328 1167 238 72 Crider,
2626 1171 150 72 225;
2835 1173 30 70 I.
2919 1176 54 67 V.

195 1252 304 75 Cockrell,
547 1258 151 70 440;
750 1257 237 79 Margie
1035 1260 181 76 Lacy,
1264 1263 150 73 411;
1465 1263 237 73 Marlon
1749 1263 315 73 Wootten,
2119 1267 144 69 103;
2310 1264 286 72 Thomas
2643 1269 205 75 Rains,
2893 1276 85 72 79;

193 1350 226 61 Shane
472 1354 315 70 Wootten,
849 1357 145 69 147;
1051 1357 186 69 Elder
1279 1359 60 67 J.
1393 1360 76 66 O.
1528 1360 307 75 Handley,
1891 1363 153 72 282;
2100 1363 159 72 Fred
2314 1363 261 73 Battles,
2629 1369 103 70 39;
2785 1369 186 70 Eloise

192 1446 316 73 Wootten,
561 1452 196 69 426b;
813 1452 313 69 Freeman
1177 1456 127 64 and
1353 1455 204 66 Jewel
1608 1458 316 72 Wootten,
1978 1461 150 70 73b;
2179 1459 288 72 Thomas
2517 1464 276 79 Yancey,
2847 1473 121 72 159;

193 1543 189 60 Chita
450 1546 327 75 Blakeley,
843 1551 135 70 380
1045 1549 52 72 in
1165 1566 289 61 memory
1519 1552 69 75 of
1645 1554 177 73 Alice
1885 1557 303 70 Whitten.
2257 1558 276 69 Hershel
2601 1563 172 79 King,
2835 1569 132 73 317;

192 1639 271 61 Bernice
522 1641 207 61 Greer
781 1645 127 58 and
967 1647 205 61 Helen
1233 1648 294 61 Lambert
1584 1651 99 58 led
1737 1653 144 60 with
1938 1654 162 60 their
2151 1656 225 73 father,
2439 1659 177 70 Ervin
2673 1662 289 76 Brothers,

195 1738 145 69 166,
400 1740 150 67 201.
610 1740 135 67 The
801 1741 183 66 class
1039 1759 169 61 sang
1269 1746 258 78 "Happy
1587 1749 295 76 Birthday
1938 1758 63 67 to
2061 1752 198 73 Ervin.
2322 1755 178 76 Ruby
2560 1758 244 79 Phillips
2857 1765 106 72 and

190 1833 271 61 Pauline
526 1834 237 75 Oliver,
829 1840 156 69 331;
1056 1840 304 69 Beacher
1422 1845 456 76 Yancey,452;
1947 1849 162 72 Roie
2172 1851 372 70 Alexander
2607 1858 123 63 and
2790 1858 177 64 Jewel

186 1930 322 72 Wootten,
568 1935 151 70 348;
781 1936 132 69 Ella
970 1938 127 67 Lee
1156 1938 390 75 Robertson,
1611 1947 147 69 164;
1818 1947 277 69 Carmon
2154 1951 127 64 and
2343 1951 268 64 Mitchell
2668 1956 289 75 Brothers,

189 2028 156 60 Lillie
393 2029 301 75 Lybrand,
741 2032 172 72 Alice
955 2034 360 70 Washburn
1362 2041 124 63 and
1534 2041 231 63 Mamie
1813 2044 259 76 Bryson,
2119 2049 147 72 340,
2313 2052 151 69 341;
2511 2052 201 76 Herby
2755 2055 201 76 Bailey,

186 2127 154 69 358;
412 2127 186 79 Virgil
672 2130 244 78 Philips
987 2134 127 73 and
1183 2134 190 79 Terry
1449 2139 253 75 Hullett,
1777 2143 150 70 68b,
2005 2146 147 67 137.
2226 2146 189 78 Terry
2487 2149 247 75 Hullett,
2805 2154 151 70 Cecil

186 2223 277 60 Gilliland
505 2227 126 58 and
675 2227 181 61 Elder
886 2230 57 60 J.
985 2232 75 60 O.
1107 2233 282 79 Handley
1429 2236 99 76 led
1567 2253 163 64 song
1771 2254 82 63 on
1893 2257 169 63 page
2101 2245 84 75 62
2226 2293 10 27 ,
2275 2245 177 75 while
2490 2248 105 72 the
2632 2250 168 70 class
2833 2253 123 67 took

183 2320 109 60 the
349 2323 249 79 parting
660 2326 193 76 hand.
912 2329 135 73 The
1104 2335 391 67 convention
1552 2352 139 51 was
1747 2338 360 64 dismissed
2163 2344 139 60 with
2362 2361 226 63 prayer
2641 2347 75 76 by
2776 2349 175 76 Henry

183 2419 315 78 Guthery.

183 2518 385 75 Chairman,
654 2523 195 78 Terry
933 2526 264 75 Hullett;
1281 2532 340 78 Honorary
1705 2536 381 75 Chairman,
2167 2539 235 72 Jethro
2484 2544 258 72 Collett;
2817 2547 133 69 Vice

181 2617 363 73 Chairman,
594 2622 171 69 Cecil
810 2625 304 73 Gilliland;
1161 2628 355 79 Secretary,
1566 2632 189 75 Linda
1795 2635 301 72 Thomas.

358 2722 256 82 EAST
640 2727 319 84 TEXAS
991 2730 406 84 SACRED
1429 2736 265 79 HARP
1726 2737 406 84 SINGING
2164 2740 634 85 CONVENTION

1264 2859 387 73 Henderson,
1681 2863 223 69 Texas.

1246 2958 235 78 August
1512 2961 93 75 12,
1639 2962 93 73 13,
1768 2962 162 73 1989

424 3046 136 61 The
619 3049 157 60 East
831 3051 217 61 Texas
1155 3052 249 63 Sacred
1464 3057 169 76 Harp
1687 3058 267 79 Singing
2013 3063 406 75 Convention
2476 3069 369 69 assembled
2895 3073 51 64 at

177 3141 405 75 Henderson,
631 3145 232 73 Texas,
915 3148 51 70 in
1011 3150 106 69 the
1162 3150 396 78 Community
1603 3156 235 72 Center
1884 3157 298 81 Building,
2230 3163 91 75 for
2362 3162 106 76 the
2517 3168 183 70 121st
2743 3163 198 75 annual

172 3240 283 61 session.
498 3241 132 60 The
667 3244 354 72 Chairman,
1060 3246 210 78 Judge
1309 3249 241 75 Donald
1591 3250 189 73 Ross,
1819 3255 204 69 called
2061 3258 105 66 the
2203 3259 177 64 class
2416 3267 60 57 to
2515 3261 178 63 order
2727 3261 213 75 leading

171 3352 166 61 song
384 3354 81 60 on
510 3354 169 63 page
724 3342 189 75 293b.
964 3342 88 75 He
1095 3343 351 73 welcomed
1491 3346 73 70 all
1606 3346 252 78 singers
1903 3352 123 72 and
2068 3354 250 70 visitors
2364 3358 123 66 and
2530 3357 285 67 declared
2854 3358 85 66 the

171 3435 412 63 Convention
645 3438 55 60 in
760 3439 294 61 session.
1119 3441 156 60 Rev.
1339 3441 136 76 Ray
1536 3444 270 81 Ludwig,
1870 3456 228 69 pastor
2155 3454 67 70 of
2275 3456 111 69 the
2443 3457 339 67 Abundant
2836 3454 103 70 Life

171 3532 376 81 Fellowship
594 3537 250 76 Church
892 3537 67 76 of
1003 3538 399 75 Henderson,
1455 3541 151 72 read
1653 3543 151 70 from
1857 3546 151 78 King
2053 3550 234 73 James
2338 3555 193 69 Bible:
2577 3555 222 69 James
2838 3555 105 69 5:3;

171 3631 262 61 Psalms
499 3634 175 70 98:1,
748 3636 181 69 149:1
1009 3634 264 70 Exodus
1342 3640 246 69 15:1-2;
1650 3640 262 78 Judges
1975 3648 135 70 5:3;
2176 3648 267 70 Psalms
2511 3657 169 69 13:6,
2742 3654 195 72 21:13;

168 3729 370 78 Ephesians
580 3735 171 72 5:19;
799 3732 126 75 and
970 3733 405 73 Colossiams
1419 3738 283 70 3:15-16,
1752 3741 126 67 and
1926 3742 100 66 led
2071 3745 105 63 the
2224 3751 282 78 morning
2554 3768 229 63 prayer.
2829 3750 109 81 The

163 3828 342 61 chairman
580 3831 361 78 appointed
1014 3832 178 76 Alcie
1264 3832 193 78 Craig
1531 3835 129 75 and
1737 3837 210 73 Diane
2022 3843 181 67 Ross
2277 3847 99 63 for
2443 3852 111 60 the
2629 3849 312 79 arranging

162 3928 388 61 committee.
606 3928 282 61 Leaders
936 3930 204 61 called
1188 3946 190 45 were:
1429 3931 253 63 Monnie
1734 3934 195 75 Ross,
1978 3939 84 70 Jr.
2116 3945 148 72 74b;
2313 3948 172 69 John
2539 3949 229 72 Morris,
2817 3948 123 73 404;

159 4024 243 63 Azalee
451 4027 271 72 Barnett,
772 4030 148 69 522;
967 4029 271 76 Ophelia
1282 4030 127 75 and
1456 4030 64 75 B.
1572 4030 64 75 E.
1689 4033 354 76 Matthews,
2092 4044 151 70 574;
2289 4045 171 69 John
2511 4050 220 64 Merritt
2776 4047 157 79 (MS),

159 4125 195 70 507b;
403 4125 316 78 Daphene
765 4126 261 76 Causey
1072 4125 160 78 (AL),
1281 4129 148 73 436;
1471 4128 54 75 J.
1575 4129 69 73 C.
1695 4131 252 72 Harden
1996 4138 163 76 (AL),
2208 4144 153 72 422;
2406 4146 268 70 Vernice
2719 4147 217 69 Calvert

159 4221 169 75 (AL),
393 4224 154 72 313;
613 4224 67 72 H.
750 4224 70 72 R.
885 4224 345 72 Batchelor
1287 4225 169 75 (AL),
1519 4227 153 73 430;
1735 4228 66 72 S.
1867 4231 63 69 T.
1999 4234 187 66 Reed
2251 4242 171 78 (AL),
2485 4248 157 72 225;
2706 4246 237 73 Herbert

157 4318 316 76 Leopard,
543 4321 147 73 176;
754 4321 199 73 Lewis
1015 4321 292 76 Vaughn,
1371 4324 151 73 516;
1585 4324 198 73 Marie
1845 4329 267 69 Guthrie
2173 4338 171 76 (AL),
2415 4345 148 70 192;
2625 4347 315 78 Chapman

156 4416 240 70 Hanks,
450 4419 103 69 77;
606 4419 202 69 Runie
856 4419 234 69 Glover
1137 4417 163 75 (AL),
1357 4420 144 72 168;
1554 4419 292 78 Rayborn
1896 4428 271 79 Cathey,
2221 4437 105 70 68;
2379 4438 181 79 Ruby
2610 4446 126 72 and
2782 4438 151 79 Virgil

154 4512 256 79 Phillips
471 4515 166 76 (AL),
697 4515 153 76 572;
906 4513 213 78 Verna
1173 4515 300 76 Williams
1531 4518 166 76 (AL),
1756 4522 153 73 276;
1969 4524 259 72 Brenda
2284 4534 234 66 Chafin
2580 4543 168 76 (AL),
2809 4540 126 79 172;

153 4609 219 75 Nancy
417 4611 180 73 Cato,
652 4612 141 72 158;
840 4612 189 72 Merle
1075 4612 241 72 Mixson
1365 4614 159 75 (AL),
1572 4618 148 70 537;
1767 4617 63 72 B.
1879 4621 78 67 M.
2005 4624 196 64 Smith
2250 4630 181 76 (GA),
2479 4641 150 69 515;
2679 4641 168 69 Edith

1495 4714 118 54 120
