3150 4950
171 169 276 70 81,103.
528 172 322 67 Leaders:
922 175 139 64 Jeff
1132 175 382 78 Sheppard,
1596 172 199 81 145b,
1878 171 150 82 155,
2112 165 154 88 171,
2349 160 154 93 182;
2583 153 210 100 Lewis
2865 162 109 91 and

174 267 319 64 Gertrude
553 273 259 73 Norton,
876 276 105 70 77,
1042 274 150 72 76b,
1252 276 153 70 490,
1465 274 153 72 358;
1681 268 201 78 Bulah
1942 267 252 79 Reese,
2256 261 153 85 426,
2470 259 108 87 85,
2641 253 153 93 72b;
2853 253 123 93 Kurt

172 366 226 75 Webb,
457 373 105 70 63,
624 375 144 69 159,
825 375 154 70 405;
1036 373 267 72 Shelton
1359 372 412 73 Williamson,
1828 367 151 78 318,
2037 363 153 82 418,
2247 360 156 85 299;
2461 352 259 93 Brenda
2769 354 201 91 Webb,

175 469 103 70 94,
340 471 108 72 40;
510 471 280 72 Hermon
852 472 222 70 Smith,
1135 474 153 69 213;
1351 471 172 73 Mary
1584 466 223 78 Smith,
1869 465 151 79 276,
2080 460 157 84 314;
2301 454 202 90 Nellie
2565 453 150 91 Mae
2770 454 198 90 White,

178 568 145 70 100,
387 571 145 69 106,
589 573 154 67 379;
804 570 177 70 Irene
1035 570 292 70 Watson,
1383 570 151 70 335,
1597 565 190 75 108b,
1851 564 148 76 101;
2058 555 295 85 Leonard
2412 553 168 87 Kerr,
2637 555 148 85 343,
2838 559 129 81 406.

174 664 133 60 The
351 666 246 79 closing
643 684 168 61 song
859 684 79 61 on
985 682 174 63 page
1204 666 129 79 69b
1372 679 141 66 was
1558 663 99 82 led
1704 661 81 84 by
1833 660 64 85 B.
1947 657 78 88 M.
2073 654 202 91 Smith
2323 654 127 91 and
2499 652 282 93 Leonard
2827 654 139 91 Kerr.

178 763 184 61 Elder
403 765 157 60 Neal
607 766 291 60 Prichard
942 763 351 63 dismissed
1336 763 108 63 the
1486 762 178 64 class
1704 757 141 69 with
1891 769 243 64 prayer.

177 862 367 72 Chairman,
604 864 288 70 Leonard
948 864 168 70 Kerr;
1168 862 156 72 Vice
1377 859 367 75 Chairman,
1803 856 66 78 B.
1926 853 76 81 M.
2059 852 226 82 Smith;
2341 850 361 84 Secretary,
2760 852 207 82 Evelyn

178 960 255 61 Harris.

877 1063 198 81 OLD
1108 1060 309 84 UNION
1452 1056 408 88 BAPTIST
1887 1053 423 91 CHRUCH

870 1189 139 60 Five
1036 1188 175 61 miles
1236 1186 348 63 southwest
1609 1183 61 66 of
1692 1182 292 70 Winfield,
2011 1180 306 72 Alabama

1363 1284 151 78 April
1546 1285 78 76 16
1654 1284 162 78 1989

337 1389 135 58 The
508 1387 235 60 annual
780 1386 246 61 Sacred
1065 1384 168 76 Harp
1267 1383 259 78 Singing
1567 1381 142 79 held
1746 1386 66 75 at
1843 1380 121 81 Old
2002 1380 201 81 Union
2238 1380 250 81 Church
2523 1395 136 66 was
2692 1381 192 79 called
2914 1390 49 70 to

180 1486 186 60 order
409 1486 79 75 by
538 1485 133 76 Earl
724 1483 310 78 Ballinger
1080 1482 252 79 leading
1378 1495 168 66 song
1596 1495 79 66 on
1725 1494 171 67 page
1941 1480 103 81 59.
2092 1477 133 84 The
2275 1477 279 84 morning
2599 1494 217 67 prayer
2853 1497 115 64 was

183 1584 99 58 led
333 1584 79 73 by
465 1584 144 73 Bert
658 1581 220 76 Smith.
931 1581 133 76 The
1116 1579 180 78 class
1345 1576 351 81 organized
1746 1576 81 81 by
1873 1576 276 81 electing
2199 1576 108 81 the
2355 1576 307 81 following
2710 1578 250 79 officers:

181 1681 366 69 Chairman,
604 1678 136 72 Earl
796 1677 334 75 Ballinger;
1180 1675 156 76 Vice
1387 1674 364 78 Chairman,
1804 1674 228 78 Arnold
2089 1674 240 78 Moore;
2382 1674 415 78 Secretaries,
2850 1675 118 76 Lisa

181 1779 126 57 and
358 1777 193 73 Emily
600 1776 331 76 Ballinger;
978 1773 345 79 Arranging
1371 1771 402 81 Committee,
1824 1771 178 81 Larry
2047 1771 126 81 and
2223 1771 211 81 Linton
2481 1771 319 81 Ballinger.
2847 1773 114 79 Earl

183 1875 319 76 Ballinger
555 1875 153 76 then
768 1873 99 78 led
925 1887 168 64 song
1150 1887 82 64 on
1290 1887 175 64 page
1519 1872 105 79 82.
1684 1870 310 81 Leaders:
2049 1870 229 81 Arnold
2335 1870 240 81 Moore,
2637 1872 139 79 129,
2829 1873 130 78 490;

184 1972 195 73 Emily
439 1971 339 76 Ballinger,
846 1972 148 75 100;
1054 1968 187 79 Chris
1303 1968 336 79 Ballinger,
1699 1969 151 78 203,
1911 1969 153 78 399;
2125 1968 156 79 Beth
2340 1968 235 79 O'Dell,
2641 1969 139 78 186,
2836 1971 129 76 546;

181 2070 252 60 Alonzo
496 2068 285 70 Malone,
850 2070 148 69 183,
1062 2068 156 70 318;
1282 2065 219 73 Dwain
1566 2065 336 76 Ballinger,
1968 2067 106 75 74;
2137 2065 130 76 Kim
2326 2065 297 76 Jenkins,
2686 2068 102 73 63;
2847 2067 121 75 Bert

184 2167 223 70 Smith,
463 2169 108 69 30;
622 2166 94 72 Jill
774 2166 334 76 Ballinger,
1162 2166 151 76 388;
1371 2164 286 78 Miranda
1710 2164 223 78 Burns,
1992 2166 145 76 144;
2193 2163 213 79 Phillip
2458 2163 322 79 Ballinger,
2830 2166 127 76 294,

183 2269 153 67 299;
388 2266 300 75 Rayburn
739 2265 300 76 Humber,
1090 2265 147 76 441,
1294 2265 145 76 137;
1492 2262 208 79 Edwin
1753 2262 325 79 Ballinger,
2134 2263 142 78 146,
2334 2265 139 76 168.

187 2365 298 60 RECESS.

396 2464 211 58 Linton
661 2463 310 76 Ballinger
1015 2461 205 78 called
1270 2461 106 78 the
1422 2461 180 78 class
1647 2460 294 79 together
1987 2460 249 79 leading
2283 2475 166 64 song
2499 2475 78 64 on
2625 2475 165 64 page
2832 2461 126 78 480.

189 2563 315 60 Leaders:
559 2562 264 75 Johnny
883 2560 303 76 Humber,
1245 2562 151 75 454,
1456 2562 153 75 212;
1666 2559 180 78 Jerry
1899 2559 295 78 Jenkins,
2257 2559 147 78 127;
2466 2557 234 79 Estelle
2755 2556 202 81 Glenn,

184 2664 108 70 81,
361 2664 150 70 138;
573 2661 205 75 Doyle
835 2659 325 76 Williams,
1219 2659 156 76 442;
1435 2658 325 78 Margaret
1867 2656 273 79 Keeton,
2197 2658 154 78 276;
2409 2653 265 82 Tressie
2725 2653 232 82 Adkins,

186 2764 151 67 422,
397 2763 147 69 120;
598 2758 246 73 Parnell
900 2758 204 75 Berry,
1158 2760 148 73 208,
1359 2758 151 75 298;
1563 2755 142 78 Lisa
1755 2755 294 78 Gilmore,
2104 2757 102 76 67,
2256 2755 150 78 219;
2457 2754 207 79 Aaron
2713 2752 238 81 Keeton,

192 2863 150 69 179,
411 2862 108 70 68;
588 2859 262 73 Brenda
913 2857 255 75 Chafin,
1234 2857 153 75 220,
1453 2857 154 75 455;
1677 2854 151 78 Lola
1891 2853 369 79 Roberson,
2331 2854 147 78 182,
2548 2853 145 79 187;
2760 2850 210 82 Robert

187 2959 319 76 Aldridge,
564 2959 151 76 460,
772 2959 151 76 560;
981 2953 229 82 Gravis
1266 2953 330 82 Ballinger,
1657 2953 145 82 101,
1864 2953 144 82 112.

190 3057 396 61 DISMISSED
610 3057 151 61 FOR
784 3052 259 66 LUNCH.

375 3156 133 60 The
552 3154 333 61 afternoon
928 3150 265 66 session
1234 3163 141 52 was
1417 3147 265 75 brought
1723 3145 295 76 together
2056 3145 81 76 by
2182 3145 174 76 Larry
2401 3144 301 78 Ballinger
2743 3141 217 81 leading

189 3271 214 61 songs
459 3270 82 63 on
598 3267 216 66 pages
870 3252 70 81 91
1009 3247 126 85 and
1197 3249 144 84 121.
1401 3244 309 88 Leaders:
1767 3244 57 88 L.
1885 3244 66 88 E.
2011 3244 297 88 Hannah,
2365 3246 150 87 400,
2571 3244 150 88 391;
2772 3238 192 94 Travis

192 3355 273 69 Keeton,
522 3354 153 70 432,
733 3351 153 73 297;
991 3348 132 76 Ora
1177 3345 126 79 Lee
1360 3342 261 82 Fannin,
1680 3343 151 81 496,
1890 3345 153 79 572;
2100 3343 160 81 Arlie
2317 3342 261 82 Harper,
2635 3342 145 82 436,
2833 3339 130 85 477;

192 3453 232 61 Pernie
490 3450 273 72 Pelfrey,
828 3448 108 73 61;
1000 3444 208 78 Elmer
1267 3439 280 82 Conwill,
1614 3441 103 81 74,
1782 3442 156 79 478;
1999 3441 235 81 Ozella
2293 3441 253 81 Chafin,
2614 3441 145 81 189;
2815 3435 148 87 John

192 3553 201 75 Hyde,
448 3552 150 76 275,
655 3550 106 78 90;
816 3544 148 84 Mae
1015 3543 337 85 Seymour,
1407 3540 103 88 97,
1563 3540 151 88 434;
1764 3537 192 91 Josie
2008 3538 202 90 Hyde,
2266 3541 153 87 507;
2515 3538 127 90 Tim
2695 3537 268 91 Gilmore,

187 3654 154 67 349,
414 3649 159 72 389;
645 3645 201 76 Marie
912 3640 324 81 Aldridge,
1308 3639 151 82 316,
1536 3637 151 84 192;
1759 3636 147 85 Lisa
1975 3637 346 84 Ballinger,
2392 3639 156 82 269,
2623 3639 142 82 110,
2839 3633 127 88 196;

190 3750 279 72 Clearcy
537 3742 348 79 Rutledge,
952 3741 156 81 290;
1179 3736 138 85 Bob
1383 3733 265 88 Fannin,
1716 3735 159 87 301;
1944 3735 223 87 Gertie
2235 3736 244 85 Green,
2548 3736 153 85 421;
2769 3729 199 93 Buddy

192 3847 343 76 Ballinger,
604 3846 154 78 385;
829 3838 205 85 Paula
1099 3831 411 93 Springfield,
1579 3832 157 91 224;
1801 3831 268 93 Juliette
2139 3834 295 90 Haynes,
2503 3837 106 87 40,
2679 3835 103 88 46.
2848 3825 120 99 Earl

189 3946 318 75 Ballinger
550 3940 102 81 led
697 3942 109 79 the
850 3934 247 87 closing
1143 3946 169 75 song
1359 3945 84 76 on
1488 3945 175 76 page
1708 3931 105 90 47.
1864 3930 135 91 The
2044 3931 183 90 class
2271 3948 142 73 was
2457 3930 351 91 dismissed
2850 3925 121 96 with

189 4057 228 66 prayer
460 4042 79 81 by
586 4039 126 84 Tim
762 4035 294 88 Gilmore.

187 4141 366 67 Chairman,
612 4135 135 73 Earl
801 4131 328 78 Ballinger;
1180 4126 153 82 Vice
1384 4123 361 85 Chairman,
1798 4125 231 84 Arnold
2085 4126 243 82 Moore;
2382 4128 424 81 Secretaries,
2859 4123 123 85 Lisa

187 4242 124 60 and
360 4237 189 75 Emily
592 4233 322 79 Ballinger.

736 4333 199 81 BOB
963 4324 522 90 MORRISON
1515 4324 514 90 MEMORIAL
2055 4326 403 88 SINGING

615 4462 222 72 Liberty
867 4455 286 79 Primitive
1182 4450 228 84 Baptist
1435 4449 259 85 Church,
1726 4449 490 85 Childersburgs,
2247 4453 322 81 Alabama.

1350 4546 148 78 April
1524 4548 100 76 23,
1659 4548 162 76 1989

336 4665 132 60 The
505 4659 228 66 annual
774 4654 132 70 Bob
943 4650 297 75 Morrison
1278 4644 313 81 Memorial
1629 4644 255 81 Singing
1920 4662 138 63 was
2097 4648 141 76 held
2275 4665 82 60 on
2394 4651 154 76 April
2586 4656 85 72 23
2707 4660 61 67 at

1545 4743 82 57 48
