3150 4950
156 196 111 63 The
306 190 181 69 class
529 208 147 51 was
720 199 361 67 dismissed
1125 208 141 61 with
1311 226 229 61 prayer
1582 213 81 75 by
1708 213 249 75 Harvey
1999 211 264 76 Austin.'

160 292 336 72 Chairman,
546 292 183 81 Jerry
778 300 373 82 Sheppard;
1200 307 156 75 Vice
1404 310 366 72 Chairman,
1857 310 60 72 J.
1969 309 66 73 E.
2089 309 267 73 Forbes;
2404 307 364 75 Secretary,
2823 306 157 76 Lora

163 394 217 75 Kelley.

763 502 427 85 LIBERTY
1221 511 213 78 HILL
1465 510 418 79 BAPTIST
1915 508 435 81 CHURCH

1303 636 189 72 Boaz,
1521 636 306 72 Alabama

1213 735 378 76 September
1612 736 102 75 24,
1749 735 163 76 1989

310 828 127 61 The
478 826 235 63 annual
754 828 252 64 Sacred
1051 832 168 78 Harp
1258 832 261 78 Singing
1564 832 141 78 held
1749 838 61 72 at
1851 832 235 78 Liberty
2127 831 106 79 Hill
2275 829 243 81 Baptist
2556 828 253 82 Church
2845 844 141 66 was

169 927 174 66 called
381 933 61 60 to
481 925 186 67 order
703 925 81 78 by
828 927 345 76 Lawrence
1213 930 402 73 Underwood
1659 930 250 76 leading
1950 945 211 61 songs
2200 945 84 61 on
2323 943 216 63 pages
2578 928 84 78 68
2703 927 127 79 and
2871 928 103 78 59.

174 1032 199 73 Prayer
409 1041 139 64 was
592 1024 102 81 led
738 1024 84 81 by
867 1026 138 79 Bro.
1057 1027 222 78 Bobby
1320 1027 241 78 Talton.
1608 1029 135 76 The
1786 1027 180 78 class
2007 1044 142 61 was
2191 1026 351 79 organized
2586 1026 82 79 by
2710 1023 274 82 electing

172 1131 88 60 the
295 1125 300 78 following
637 1123 285 79 officers:
966 1125 367 78 Chairman,
1380 1126 346 76 Lawrence
1768 1125 429 78 Underwood;
2241 1125 154 78 Vice
2437 1123 366 79 Chairman,
2850 1122 136 81 Bud

174 1227 204 70 Oliver;
435 1224 369 76 Secretary,
868 1222 202 78 Hazel
1134 1224 333 76 Brothers;
1527 1224 354 79 Arranging
1942 1224 415 79 Committee,
2421 1222 178 81 Cecil
2659 1221 316 82 Gilliland.

177 1329 303 58 Lawrence
519 1323 400 64 Underwood
961 1323 99 64 led
1099 1339 211 61 songs
1350 1339 81 61 on
1471 1339 213 61 pages
1720 1326 130 75 298
1890 1323 126 78 and
2056 1326 103 75 59.
2200 1323 133 78 The
2371 1321 310 79 following
2724 1320 256 81 leaders

175 1438 144 46 were
364 1420 229 64 called:
648 1420 135 64 Bud
835 1420 234 72 Oliver,
1126 1423 148 69 145,
1335 1422 193 70 145b;
1584 1422 148 70 Lula
1786 1420 430 72 Underwood,
2271 1422 154 70 358;
2479 1419 213 73 Milton
2745 1417 231 75 Oliver,

181 1525 120 67 172,
354 1522 148 70 318;
559 1519 201 73 Hazel
820 1519 327 73 Brothers,
1204 1522 156 70 460;
1419 1519 163 75 Hoyt
1636 1519 306 75 Renfroe,
2001 1521 151 73 403,
2211 1519 108 75 34;
2376 1516 273 78 Woodie
2703 1515 274 79 Walker,

178 1624 124 67 378,
352 1621 148 70 349;
552 1618 225 73 Arville
831 1618 207 76 Hyatt,
1093 1620 153 75 203,
1302 1620 153 75 200;
1510 1618 205 78 Alpha
1771 1618 213 78 Black,
2040 1620 153 76 314,
2247 1618 153 78 373.

181 1719 261 63 RECESS.

298 1818 123 61 The
453 1818 175 61 class
660 1833 138 46 was
831 1818 204 61 called
1071 1818 163 61 back
1270 1818 54 61 in
1359 1818 262 61 session
1657 1818 79 75 by
1771 1816 57 76 L.
1869 1816 69 76 H.
1978 1815 396 78 Underwood
2412 1815 249 78 leading
2697 1830 163 63 song
2898 1828 81 64 on

181 1933 145 63 page
376 1920 147 76 300.
583 1917 312 79 Leaders:
954 1917 151 79 Mae
1162 1917 160 79 Holt,
1380 1918 153 78 224,
1590 1918 154 78 223;
1803 1915 226 81 Lamar
2080 1915 226 81 Smith,
2362 1914 154 82 36b,
2574 1915 156 81 434;
2787 1912 196 84 Linda

181 2017 271 70 Thomas,
511 2017 144 70 123,
709 2017 157 70 209;
919 2016 228 72 Velton
1200 2016 253 72 Chafin,
1506 2017 153 70 348,
1720 2016 193 72 138b;
1965 2014 171 73 Aver
2182 2014 241 73 Crider,
2476 2014 108 73 48,
2640 2014 109 73 73;
2800 2011 181 78 Virgil

184 2115 216 78 Phillips
444 2115 124 78 and
615 2115 268 78 Randall
928 2115 222 78 Smith,
1197 2116 148 76 389,
1393 2116 150 76 454,
1596 2116 145 76 139;
1791 2113 244 79 Martha
2076 2112 343 81 Woodard,
2467 2110 195 82 569b.

184 2215 261 60 RECESS.

340 2313 126 61 The
507 2313 180 61 class
732 2313 304 61 resumed
1116 2313 141 61 with
1303 2313 58 61 L.
1410 2313 69 61 H.
1528 2311 402 63 Underwood
1977 2311 252 76 leading
2274 2326 168 61 song
2487 2325 81 63 on
2613 2325 175 63 page
2835 2310 144 78 189.

184 2412 282 61 Leaders:
529 2413 210 60 Jewel
804 2413 333 69 Wootten,
1204 2415 111 69 47,
1381 2415 157 69 434;
1608 2412 282 72 Preston
1956 2410 247 73 Crider,
2271 2410 156 73 522,
2494 2409 159 75 558;
2722 2406 262 78 Brenda

184 2509 214 73 Chafin,
456 2514 142 69 186,
651 2514 153 69 426;
859 2511 318 72 Freeman
1227 2511 321 72 Wootten,
1602 2512 153 70 565;
1803 2508 231 75 Ozella
2083 2508 250 75 Chafin,
2392 2508 145 75 192,
2590 2508 153 75 436;
2797 2503 183 79 Noah

186 2608 162 76 Lacy,
424 2613 148 72 157,
649 2613 159 72 212;
888 2610 253 78 Margie
1219 2610 192 78 Lacy,
1489 2611 156 76 542,
1722 2610 157 78 411,
1956 2608 160 79 273;
2194 2605 358 82 Lawrence
2629 2602 130 85 and
2838 2602 154 85 Lula

186 2706 385 73 Underwood,
616 2710 85 69 59
745 2709 81 75 by
871 2715 283 70 request.

186 2803 357 63 DISMISSED
567 2808 151 60 FOR
739 2806 265 61 LUNCH.

349 2904 127 60 The
511 2905 180 60 class
726 2922 141 43 was
901 2905 207 60 called
1143 2911 66 54 to
1246 2904 186 61 order
1465 2904 82 73 by
1584 2902 174 75 Cecil
1795 2901 282 76 Gilliland
2115 2899 250 78 leading
2404 2913 208 64 songs
2652 2911 81 66 on
2773 2911 210 66 pages

187 3003 102 60 127
334 3003 121 61 and
510 3006 144 58 121.
708 3004 312 60 Leaders:
1072 3003 204 61 Lillian
1330 3003 315 76 Peppers,
1698 3003 150 76 335,
1899 3001 154 78 354;
2107 2997 211 82 Kelvin
2373 2995 202 84 Hyatt,
2628 2997 151 82 270,
2830 2995 153 84 495;

183 3099 142 63 Vera
381 3102 321 78 Blakeley,
763 3105 157 75 449;
984 3103 160 76 Fred
1207 3102 271 78 Battles,
1540 3102 108 78 39;
1704 3099 214 81 Jason
1981 3097 204 82 Ritch,
2251 3097 147 82 153,
2464 3096 150 84 133;
2676 3091 307 88 Deborah

186 3198 169 75 Ritch,
405 3204 193 72 385b,
652 3205 153 70 480;
858 3202 70 73 S.
981 3202 66 73 T.
1104 3201 207 75 Reed,
1363 3202 156 73 435;
1569 3201 153 75 425;
1776 3198 211 78 Henry
2038 3195 304 81 Guthery,
2395 3195 151 81 409,
2601 3193 153 82 528;
2808 3190 175 85 Boyd

184 3297 166 75 Scott,
394 3304 99 69 58,
537 3304 153 70 319;
733 3303 118 72 Pat
892 3301 210 73 Baker
1140 3300 129 75 and
1314 3298 238 76 Estelle
1593 3295 424 79 Underwood,
2061 3297 150 78 358,
2253 3295 151 79 457;
2449 3292 57 82 L.
2553 3291 70 84 H.
2670 3291 127 84 and
2841 3289 147 85 Lula

184 3396 387 76 Underwood,
619 3403 150 70 294,
817 3403 147 70 170,
1014 3402 145 72 100,
1210 3400 147 73 128,
1402 3399 84 75 79
1530 3396 124 78 and
1698 3396 87 78 46
1825 3394 93 79 for
1957 3393 108 81 the
2107 3391 246 82 closing
2397 3405 187 69 song.
2629 3388 135 85 The
2805 3387 180 87 class

183 3508 114 48 was
336 3498 346 63 dismissed
726 3499 142 61 with
915 3513 229 64 prayer
1185 3496 81 81 by
1312 3495 261 82 Brother
1617 3492 132 85 Bud
1798 3492 129 85 Nix.

184 3592 334 78 Chairman,
576 3598 351 72 Lawrence
982 3592 433 78 Underwood;
1470 3591 154 79 Vice
1677 3589 369 81 Chairman,
2149 3586 135 84 Bud
2337 3585 235 85 Oliver;
2626 3583 366 87 Secretary,

186 3691 169 66 Hazel
405 3699 321 61 Brothers.

253 3801 387 85 ILLINOIS
673 3801 324 85 STATE
1030 3795 417 91 SACRED
1482 3793 271 93 HARP
1786 3787 417 99 SINGING
2236 3784 667 102 CONVENTION

652 3928 256 75 Wesley
936 3924 220 79 United
1186 3919 333 84 Methodist
1545 3915 244 88 Church
1816 3948 21 55 -
1864 3913 390 90 Charleston,
2286 3910 208 93 Illinois

1230 4015 379 79 September
1630 4015 100 79 23,
1765 4014 163 81 1989

345 4128 130 61 The
519 4128 276 61 session
841 4123 66 66 of
948 4122 109 67 the
1101 4117 130 72 fifth
1278 4113 235 76 annual
1564 4110 217 79 Illinois
1827 4108 184 81 State
2056 4105 399 84 Convention
2499 4119 141 70 was
2683 4104 205 85 called
2934 4110 63 79 to

180 4225 160 60 order
382 4227 81 76 by
510 4227 358 76 chairman,
922 4221 141 82 Don
1116 4213 315 90 Bardsley
1479 4207 258 96 leading
1785 4221 169 82 song
2005 4219 82 84 on
2136 4218 175 85 page
2361 4204 105 99 59.
2515 4201 136 102 The
2701 4201 286 102 morning

180 4333 201 67 prayer
427 4344 145 57 was
628 4326 103 75 led
789 4323 84 78 by
928 4314 319 87 Chaplain
1300 4311 175 90 Joan
1533 4305 222 96 Smith.
1813 4303 135 97 The
2004 4302 262 99 officers
2317 4317 174 84 were
2544 4300 232 100 called.
2832 4300 156 100 Vice

178 4419 346 81 Chairman,
589 4426 139 73 Ted
795 4420 279 79 Mercer,
1138 4413 156 87 88b;
1359 4408 375 91 Secretary,
1801 4402 129 97 Lee
1993 4401 385 99 Steinmetz,
2443 4401 156 99 236;
2661 4399 337 100 Assistant

178 4477 346 127 Secretary,'
565 4525 213 79 Karen
831 4515 204 90 Isbell,
1092 4515 148 90 120;
1290 4503 313 102 Chaplain
1656 4551 10 54 ,
1713 4501 171 103 Joan
1935 4498 219 106 Smith,
2203 4500 150 105 297.
2404 4497 280 108 Regular
2731 4497 258 108 leaders

175 4623 196 64 called-
417 4626 189 79 Hugh
649 4620 316 85 McGraw,
1011 4612 153 93 541;
1207 4603 270 102 Richard
1522 4602 291 103 DeLong,
1857 4600 150 105 431;
2050 4597 246 108 Connie
2340 4596 307 109 Karduck,
2694 4599 145 106 107;

1524 4702 121 58 149
