3189 4974
1149 174 394 81 HARPER
1573 174 510 82 MEMORIAL

918 300 115 61 Old
1062 301 306 61 Flatwood
1395 301 261 72 Church,
1689 301 277 72 Nauvoo,
1995 298 307 75 Alabama

1329 400 276 60 October
1626 402 253 69 8,1989

378 490 133 63 The
552 495 232 60 annual
826 496 244 60 Sacred
1114 496 166 78 Harp
1320 496 258 78 Singing
1623 496 142 78 held
1809 502 63 72 at
1908 495 120 79 Old
2071 490 321 84 Flatwood
2439 487 306 87 Primitive
2787 489 210 85 Baptist

202 586 246 63 Church
486 604 139 46 was
660 592 202 60 called
901 600 61 54 to
999 594 184 61 order
1218 595 76 76 by
1333 595 292 76 Garnsey
1668 594 331 78 McGough
2043 591 250 81 leading
2332 603 168 69 song
2542 603 82 69 on
2664 603 168 69 page
2871 594 118 78 111.

199 684 133 60 The
376 688 279 78 morning
699 705 225 63 prayer
961 708 138 60 was
1144 691 97 76 led
1287 691 78 76 by
1408 693 55 75 L.
1513 691 67 76 H.
1629 693 292 75 Gilmore.
1966 691 136 76 The
2143 688 184 79 class
2365 700 144 67 was
2553 687 336 81 organized
2926 694 63 79 by

201 783 307 79 retaining
568 787 108 75 the
733 787 315 78 following
1107 790 283 75 officers:
1452 790 369 75 Chairman,
1879 789 130 76 Tim
2071 787 306 78 Gilmore;
2439 783 157 82 Vice
2655 786 334 82 Chairman,

199 879 301 78 Garnsey
555 883 366 78 McGough;
976 885 363 76 Secretary,
1399 885 144 76 Lisa
1596 886 301 75 Gilmore;
1953 883 354 78 Arranging
2365 883 406 78 Committee,
2829 888 51 73 L.
2931 892 55 69 H.

198 976 274 61 Gilmore
525 981 124 58 and
705 979 202 63 Elmer
955 982 274 60 Conwill.
1282 981 127 61 Tim
1462 981 276 61 Gilmore
1791 982 97 61 led
1941 997 213 61 songs
2205 997 84 61 on
2340 996 217 63 pages
2604 984 85 75 48
2737 987 115 72 and
2899 993 84 66 47.

198 1074 313 61 Leaders:
571 1078 210 60 Alfred
847 1078 253 70 Dutton,
1170 1081 147 67 144,
1386 1081 148 67 145;
1599 1080 181 69 Ethel
1842 1080 133 70 Nix,
2038 1081 157 69 489;
2256 1078 238 72 Arnold
2559 1081 238 75 Moore,
2854 1090 127 73 378,

201 1171 189 69 145b;
445 1173 198 67 Dovie
693 1173 312 70 Jackson,
1066 1177 142 67 157,
1264 1177 151 67 319;
1471 1174 198 70 Roxie
1723 1177 270 70 Keeton,
2049 1179 151 69 318,
2256 1180 153 69 349;
2464 1179 220 76 Benny
2736 1183 237 78 Keeton,

199 1267 141 70 146,
388 1270 150 69 343;
586 1269 172 70 Cecil
805 1270 312 69 Sanders,
1167 1273 147 67 512,
1363 1273 148 67 569;
1563 1272 175 69 Ethel
1786 1273 361 78 McGough,
2203 1275 142 76 171,
2401 1278 144 73 177.

195 1362 294 61 RECESS.

370 1459 204 61 Elmer
612 1462 250 58 Conwill
903 1461 204 63 called
1147 1464 106 60 the
1293 1464 180 60 class
1512 1467 295 75 together
1845 1468 250 78 leading
2137 1485 210 63 songs
2388 1486 82 61 on
2512 1489 207 63 pages
2757 1479 76 73 82
2871 1483 103 69 and

195 1557 142 60 104.
391 1555 306 61 Leaders:
747 1558 268 75 Clearcy
1066 1558 334 79 Rutledge,
1458 1564 144 73 100,
1657 1564 147 73 101;
1857 1564 154 73 Pam
2062 1567 126 70 and
2235 1567 259 70 Joshua
2542 1572 256 75 Keeton,
2845 1579 124 72 338,

187 1654 151 69 386;
393 1654 237 69 Hubert
681 1654 202 70 Hood,
936 1657 150 69 36b,
1138 1660 153 69 340;
1345 1659 235 70 Bessie
1627 1662 315 72 Jackson,
2001 1666 144 69 159,
2197 1668 153 70 274;
2404 1668 246 70 Roland
2698 1672 262 76 Gilmore,

187 1750 102 67 29,
345 1750 151 70 49b;
549 1750 183 70 Anita
783 1752 372 73 Naramore,
1212 1756 102 70 73,
1374 1758 144 69 143.
1618 1759 72 67 At
1740 1759 123 67 this
1912 1761 150 66 time
2116 1779 39 48 a
2206 1767 324 61 memorial
2586 1768 214 63 lesson
2844 1789 118 46 was

189 1845 142 60 held
370 1846 93 58 for
499 1848 76 60 all
616 1848 64 60 of
718 1864 114 43 our
871 1851 181 60 loved
1095 1866 168 46 ones
1302 1855 126 58 and
1468 1854 237 63 friends
1746 1858 130 60 that
1917 1860 166 60 have
2124 1864 249 75 passed
2415 1879 100 60 on.
2557 1866 124 73 Tim
2722 1869 237 70 Gilmore

187 1942 97 58 led
334 1945 123 58 122
504 1944 55 60 in
606 1962 282 60 memory
931 1948 66 73 of
1038 1950 199 72 Annie
1285 1950 238 79 Harper
1567 1954 126 75 and
1741 1956 177 78 Ruby
1963 1959 274 75 Conwill;
2287 1962 243 72 Roland
2577 1966 258 67 Gilmore
2877 1969 79 64 led

184 2041 82 58 68
307 2040 52 61 in
403 2056 280 61 memory
723 2044 63 73 of
823 2044 241 73 Clinton
1105 2049 124 69 and
1272 2047 211 70 Carrie
1522 2052 292 75 Gilmore,
1860 2055 202 72 Milton
2104 2059 214 67 Otwell
2359 2062 126 64 and
2526 2064 64 63 E.
2629 2065 66 61 A.
2734 2065 150 64 Wall.

178 2137 250 61 Jimmie
477 2140 294 72 Gilmore,
822 2142 99 70 led
966 2146 129 66 348
1141 2146 55 66 in
1245 2163 279 63 memory
1570 2152 64 73 of
1680 2152 300 73 Maudine
2023 2157 378 75 Alexander;
2451 2161 169 70 Edith
2667 2164 160 72 Tate,
2872 2167 79 69 led

180 2236 129 58 460
354 2236 52 58 in
454 2251 282 64 memory
780 2241 66 75 of
883 2241 202 75 Addie
1129 2245 312 70 Sanders.
1489 2248 297 79 Garnsey
1831 2251 313 76 McGouth
2191 2257 99 70 led
2334 2260 129 67 456
2508 2260 54 67 in
2607 2277 259 63 memory
2904 2266 52 73 of

181 2332 178 61 Ethel
418 2334 127 61 Lee
603 2337 126 61 and
786 2338 73 60 C.
918 2340 66 60 A.
1047 2341 147 72 Lee;
1255 2343 300 70 Harrison
1612 2349 210 72 Creel,
1884 2352 99 69 led
2040 2355 129 66 342
2226 2356 55 64 in
2338 2373 282 61 memory
2676 2361 60 73 of
2781 2362 111 72 Joe
2938 2412 9 22 ,

180 2430 259 72 Martha,
489 2431 229 78 Grady,
768 2436 235 73 Robert
1044 2442 126 67 and
1213 2442 280 67 Wallace
1539 2445 255 81 Harper.
1839 2448 130 78 Ora
2013 2452 124 73 Lee
2182 2454 253 75 Fannin,
2484 2460 81 69 83
2610 2458 51 70 in
2704 2475 244 61 memory

177 2527 63 58 of
279 2527 157 60 Ruth
480 2530 283 72 Denson,
804 2535 199 67 Violet
1042 2538 219 64 Hinton
1305 2542 123 60 and
1465 2542 166 61 Vera
1669 2544 199 64 Nunn.
1911 2548 124 60 Tim
2079 2551 268 60 Gilmore
2389 2554 94 60 led
2526 2557 66 57 61
2641 2557 87 58 for
2761 2557 66 58 all
2862 2557 85 58 the

174 2623 135 60 sick
349 2626 126 58 and
514 2628 175 60 shut-
733 2629 114 61 ins.

177 2721 393 63 DISMISSED
594 2725 148 61 FOR
766 2728 261 61 LUNCH.

319 2818 132 61 The
484 2823 175 60 class
697 2829 297 58 resumed
1030 2830 243 78 singing
1308 2833 136 75 with
1477 2835 127 73 Tim
1639 2836 268 72 Gilmore
1945 2841 244 79 leading
2224 2857 205 64 songs
2464 2862 79 60 on
2578 2862 199 63 pages
2806 2848 142 76 345b

172 2916 127 60 and
367 2920 148 58 138.
583 2920 312 64 Leaders:
960 2926 211 61 Glenn
1237 2929 271 73 Keeton,
1579 2935 144 70 189,
1792 2940 148 69 193;
2005 2937 145 72 Lisa
2211 2941 336 81 Ballinger,
2613 2947 141 75 532,
2811 2946 129 76 377;

172 3013 240 63 Robert
468 3018 319 82 Aldridge,
847 3024 153 76 396,
1059 3028 153 72 215;
1269 3027 139 73 Ann
1462 3030 151 73 Jett,
1672 3036 151 70 269,
1885 3036 163 70 "The
2106 3039 199 67 Great
2361 3042 133 64 Roll
2553 3043 180 72 Call";
2790 3043 150 75 Larry

171 3114 336 79 Ballinger,
567 3120 151 73 402;
780 3121 147 72 Lola
984 3124 357 75 Robinson,
1405 3132 144 70 137,
1615 3135 144 70 155;
1819 3135 171 70 Elsie
2047 3135 303 81 Beasley,
2407 3141 148 75 416,
2614 3142 144 73 326;
2808 3141 129 75 Tom

169 3211 267 82 Harper,
499 3217 154 76 498,
718 3222 151 72 530,
933 3225 154 70 442;
1153 3225 198 70 Marie
1411 3229 321 79 Aldridge,
1794 3235 153 73 316,
2010 3238 153 70 436;
2229 3237 138 72 Earl
2430 3238 327 79 Ballinger,
2815 3241 124 76 217,

165 3313 153 70 389;
372 3313 144 70 Lisa
565 3316 297 73 Gilmore,
918 3322 147 70 272,
1120 3325 147 67 216.

166 3411 297 63 RECESS.

378 3510 57 61 L.
490 3511 67 61 H.
612 3514 277 61 Gilmore
934 3519 207 61 called
1191 3520 108 61 the
1345 3522 180 61 class
1573 3531 61 52 to
1683 3526 186 60 order
1915 3528 253 81 leading
2218 3546 169 66 song
2437 3550 79 61 on
2607 3550 165 64 page
2814 3535 124 79 285;

163 3607 318 63 Leaders:
547 3612 58 60 L.
675 3612 70 61 H.
814 3615 127 60 and
1011 3616 195 61 Estell
1272 3618 301 73 Gilmore,
1639 3624 154 69 224;
1858 3625 189 67 Chris
2112 3628 340 81 Ballinger,
2520 3636 151 73 480;
2734 3631 198 78 Pernie

163 3706 282 78 Pelfrey,
522 3711 159 73 317;
756 3712 195 72 Josie
1027 3715 207 76 Hyde,
1312 3720 154 72 329,
1545 3720 156 72 434;
1780 3721 312 70 Harrison
2170 3729 219 73 Creel,
2467 3733 157 72 275;
2700 3729 234 76 Lavada

159 3805 304 72 Gilmore,
528 3811 147 69 134,
741 3813 148 69 142;
951 3813 177 69 Edith
1186 3814 177 70 Tate,
1431 3816 145 70 140;
1635 3816 132 70 Ora
1822 3819 130 67 Lee
2011 3822 264 75 Fannin,
2337 3831 106 70 48,
2503 3832 153 69 454;
2710 3826 220 75 Jimmie

159 3903 291 72 Gilmore,
496 3907 142 69 111,
679 3909 150 69 288;
868 3909 67 69 A.
979 3910 69 67 C.
1093 3910 351 76 McGough,
1485 3915 145 72 390,
1671 3915 145 72 290.
1860 3916 124 70 Tim
2026 3918 273 69 Gilmore
2341 3925 99 61 led
2479 3943 163 63 song
2682 3943 78 63 on
2797 3939 139 67 page

154 4002 127 57 566
325 4002 127 58 and
495 4003 108 58 the
645 4005 178 58 class
864 4020 136 45 was
1041 4005 349 63 dismissed
1431 4008 135 60 with
1609 4024 225 60 prayer
1872 4012 81 75 by
1995 4015 297 72 Harrison
2337 4023 204 64 Creel.

154 4096 361 75 Chairman,
564 4099 127 72 Tim
736 4101 294 72 Gilmore;
1077 4101 148 72 Vice
1270 4102 355 73 Chairman,
1674 4105 298 79 Garnsey
2017 4111 363 84 McGough;
2427 4120 351 79 Secretary,
2823 4120 114 79 Lisa

153 4194 304 63 Gilmore.

232 4297 193 79 THE
453 4300 411 79 WALKER
894 4299 316 82 CATES
1237 4303 202 78 AND
1470 4303 463 84 HERBERT
1959 4312 370 84 BROWN
2362 4323 502 84 MEMORIAL

1057 4425 363 61 Muscadine
1449 4426 327 64 Methodist
1803 4432 241 64 Church

1272 4522 274 63 October
1567 4528 57 69 8,
1659 4528 162 69 1989

288 4617 132 63 The
454 4620 231 60 annual
721 4620 240 61 Sacred
1000 4621 162 76 Harp
1200 4621 310 76 Memorial
1546 4624 253 79 Singing
1837 4635 61 69 at
1935 4630 373 73 Muscadine
2344 4639 340 70 Methodist

1491 4723 117 58 154
