<?xml version="1.0" encoding="utf-8"?>
<alto xmlns:xlink="http://www.w3.org/1999/xlink" xmlns:xsi="http://www.w3.org/2001/XMLSchema-instance" xsi:schemaLocation="http://www.loc.gov/standards/alto/ns-v2# http://www.loc.gov/standards/alto/alto-v2.0.xsd" xmlns="http://www.loc.gov/standards/alto/ns-v2#">
  <Description>
    <MeasurementUnit>pixel</MeasurementUnit>
    <sourceImageInformation>
      <fileName>00000064.tif</fileName>
    </sourceImageInformation>
    <OCRProcessing ID="Processing">
      <ocrProcessingStep>
        <processingStepSettings>Image Resolution:600</processingStepSettings>
        <processingSoftware>
          <softwareCreator>I2S</softwareCreator>
          <softwareName>Limb</softwareName>
          <softwareVersion>3.3.2.0</softwareVersion>
          <applicationDescription>Abbyy10 OCR Engine</applicationDescription>
        </processingSoftware>
      </ocrProcessingStep>
    </OCRProcessing>
  </Description>
  <Styles>
    <TextStyle ID="StyleId-0" FONTSIZE="8" FONTFAMILY="Arial" />
    <TextStyle ID="StyleId-1" FONTSIZE="11" FONTFAMILY="Arial" />
    <TextStyle ID="StyleId-2" FONTSIZE="9" FONTFAMILY="Arial" />
  </Styles>
  <Layout>
    <Page ID="P63" PHYSICAL_IMG_NR="63" HEIGHT="4950" WIDTH="3150" ACCURACY="0.9423268" QUALITY_DETAIL="444 words, 2266 chars, 2216 with recognition greater than 50% (97.79%)">
      <TopMargin ID="P63_TM00001" HPOS="0" VPOS="0" WIDTH="3150" HEIGHT="154" />
      <LeftMargin ID="P63_LM00001" HPOS="0" VPOS="154" WIDTH="153" HEIGHT="4639" />
      <RightMargin ID="P63_RM00001" HPOS="2998" VPOS="154" WIDTH="151" HEIGHT="4639" />
      <BottomMargin ID="P63_BM00001" HPOS="0" VPOS="4794" WIDTH="3150" HEIGHT="156" />
      <PrintSpace ID="P63_PS00001" HPOS="153" VPOS="154" WIDTH="2845" HEIGHT="4639">
        <TextBlock ID="P63_TB00001" HPOS="153" VPOS="154" WIDTH="2845" HEIGHT="4639">
          <TextLine ID="P63_TL00001" HPOS="322" VPOS="166" WIDTH="2664" HEIGHT="91">
            <String ID="P63_S00001" HPOS="322" VPOS="166" WIDTH="133" HEIGHT="63" STYLEREFS="StyleId-0" CONTENT="The" WC="1" CC="000" />
            <SP ID="P63_SP00001" WIDTH="0" HPOS="0" VPOS="0" />
            <String ID="P63_S00002" HPOS="493" VPOS="174" WIDTH="229" HEIGHT="60" STYLEREFS="StyleId-0" CONTENT="annual" WC="1" CC="000000" />
            <SP ID="P63_SP00002" WIDTH="0" HPOS="0" VPOS="0" />
            <String ID="P63_S00003" HPOS="762" VPOS="175" WIDTH="243" HEIGHT="61" STYLEREFS="StyleId-0" CONTENT="Sacred" WC="0.9266667" CC="000004" />
            <SP ID="P63_SP00003" WIDTH="0" HPOS="0" VPOS="0" />
            <String ID="P63_S00004" HPOS="1042" VPOS="178" WIDTH="166" HEIGHT="78" STYLEREFS="StyleId-0" CONTENT="Harp" WC="0.9575" CC="1000" />
            <SP ID="P63_SP00004" WIDTH="0" HPOS="0" VPOS="0" />
            <String ID="P63_S00005" HPOS="1240" VPOS="180" WIDTH="258" HEIGHT="78" STYLEREFS="StyleId-0" CONTENT="Singing" WC="0.72" CC="00104050" />
            <SP ID="P63_SP00005" WIDTH="0" HPOS="0" VPOS="0" />
            <String ID="P63_S00006" HPOS="1533" VPOS="196" WIDTH="138" HEIGHT="61" STYLEREFS="StyleId-0" CONTENT="was" WC="0.9766667" CC="000" />
            <SP ID="P63_SP00006" WIDTH="0" HPOS="0" VPOS="0" />
            <String ID="P63_S00007" HPOS="1707" VPOS="178" WIDTH="142" HEIGHT="79" STYLEREFS="StyleId-0" CONTENT="held" WC="0.9825" CC="0000" />
            <SP ID="P63_SP00007" WIDTH="0" HPOS="0" VPOS="0" />
            <String ID="P63_S00008" HPOS="1885" VPOS="184" WIDTH="61" HEIGHT="73" STYLEREFS="StyleId-0" CONTENT="at" WC="0.685" CC="06" />
            <SP ID="P63_SP00008" WIDTH="0" HPOS="0" VPOS="0" />
            <String ID="P63_S00009" HPOS="1983" VPOS="177" WIDTH="204" HEIGHT="81" STYLEREFS="StyleId-0" CONTENT="Cross" WC="0.924" CC="00300" />
            <SP ID="P63_SP00009" WIDTH="0" HPOS="0" VPOS="0" />
            <String ID="P63_S00010" HPOS="2224" VPOS="172" WIDTH="223" HEIGHT="85" STYLEREFS="StyleId-0" CONTENT="Roads" WC="0.892" CC="05000" />
            <SP ID="P63_SP00010" WIDTH="0" HPOS="0" VPOS="0" />
            <String ID="P63_S00011" HPOS="2485" VPOS="168" WIDTH="241" HEIGHT="90" STYLEREFS="StyleId-0" CONTENT="Baptist" WC="0.985714257" CC="0000000" />
            <SP ID="P63_SP00011" WIDTH="0" HPOS="0" VPOS="0" />
            <String ID="P63_S00012" HPOS="2760" VPOS="168" WIDTH="226" HEIGHT="90" STYLEREFS="StyleId-0" CONTENT="Church" WC="1" CC="000000" />
          </TextLine>
          <TextLine ID="P63_TL00002" HPOS="171" VPOS="264" WIDTH="2808" HEIGHT="88">
            <String ID="P63_S00013" HPOS="171" VPOS="264" WIDTH="106" HEIGHT="61" STYLEREFS="StyleId-0" CONTENT="the" WC="0.566666663" CC="273" />
            <SP ID="P63_SP00012" WIDTH="0" HPOS="0" VPOS="0" />
            <String ID="P63_S00014" HPOS="313" VPOS="270" WIDTH="250" HEIGHT="58" STYLEREFS="StyleId-0" CONTENT="second" WC="0.92" CC="000040" />
            <SP ID="P63_SP00013" WIDTH="0" HPOS="0" VPOS="0" />
            <String ID="P63_S00015" HPOS="603" VPOS="271" WIDTH="264" HEIGHT="76" STYLEREFS="StyleId-0" CONTENT="Sunday" WC="0.92" CC="020002" />
            <SP ID="P63_SP00014" WIDTH="0" HPOS="0" VPOS="0" />
            <String ID="P63_S00016" HPOS="904" VPOS="274" WIDTH="52" HEIGHT="73" STYLEREFS="StyleId-0" CONTENT="in" WC="1" CC="00" />
            <SP ID="P63_SP00015" WIDTH="0" HPOS="0" VPOS="0" />
            <String ID="P63_S00017" HPOS="997" VPOS="276" WIDTH="162" HEIGHT="75" STYLEREFS="StyleId-0" CONTENT="May." WC="0.885" CC="0040" />
            <SP ID="P63_SP00016" WIDTH="0" HPOS="0" VPOS="0" />
            <String ID="P63_S00018" HPOS="1198" VPOS="277" WIDTH="132" HEIGHT="73" STYLEREFS="StyleId-0" CONTENT="The" WC="0.956666648" CC="001" />
            <SP ID="P63_SP00017" WIDTH="0" HPOS="0" VPOS="0" />
            <String ID="P63_S00019" HPOS="1365" VPOS="277" WIDTH="177" HEIGHT="73" STYLEREFS="StyleId-0" CONTENT="class" WC="1" CC="00000" />
            <SP ID="P63_SP00018" WIDTH="0" HPOS="0" VPOS="0" />
            <String ID="P63_S00020" HPOS="1575" VPOS="292" WIDTH="139" HEIGHT="58" STYLEREFS="StyleId-0" CONTENT="was" WC="0.79" CC="060" />
            <SP ID="P63_SP00019" WIDTH="0" HPOS="0" VPOS="0" />
            <String ID="P63_S00021" HPOS="1750" VPOS="276" WIDTH="265" HEIGHT="76" STYLEREFS="StyleId-0" CONTENT="brought" WC="0.6471428" CC="0035780" />
            <SP ID="P63_SP00020" WIDTH="0" HPOS="0" VPOS="0" />
            <String ID="P63_S00022" HPOS="2049" VPOS="280" WIDTH="63" HEIGHT="72" STYLEREFS="StyleId-0" CONTENT="to" WC="0.68" CC="33" />
            <SP ID="P63_SP00021" WIDTH="0" HPOS="0" VPOS="0" />
            <String ID="P63_S00023" HPOS="2151" VPOS="271" WIDTH="184" HEIGHT="81" STYLEREFS="StyleId-0" CONTENT="order" WC="0.896" CC="50000" />
            <SP ID="P63_SP00022" WIDTH="0" HPOS="0" VPOS="0" />
            <String ID="P63_S00024" HPOS="2371" VPOS="270" WIDTH="79" HEIGHT="82" STYLEREFS="StyleId-0" CONTENT="by" WC="1" CC="00" />
            <SP ID="P63_SP00023" WIDTH="0" HPOS="0" VPOS="0" />
            <String ID="P63_S00025" HPOS="2488" VPOS="267" WIDTH="169" HEIGHT="85" STYLEREFS="StyleId-0" CONTENT="Cecil" WC="0.928" CC="03000" />
            <SP ID="P63_SP00024" WIDTH="0" HPOS="0" VPOS="0" />
            <String ID="P63_S00026" HPOS="2700" VPOS="267" WIDTH="279" HEIGHT="85" STYLEREFS="StyleId-0" CONTENT="Edwards" WC="1" CC="0000000" />
          </TextLine>
          <TextLine ID="P63_TL00003" HPOS="174" VPOS="361" WIDTH="2802" HEIGHT="88">
            <String ID="P63_S00027" HPOS="174" VPOS="361" WIDTH="258" HEIGHT="82" STYLEREFS="StyleId-0" CONTENT="leading" WC="0.861428559" CC="3300300" />
            <SP ID="P63_SP00025" WIDTH="0" HPOS="0" VPOS="0" />
            <String ID="P63_S00028" HPOS="486" VPOS="382" WIDTH="213" HEIGHT="64" STYLEREFS="StyleId-0" CONTENT="songs" WC="0.844" CC="01500" />
            <SP ID="P63_SP00026" WIDTH="0" HPOS="0" VPOS="0" />
            <String ID="P63_S00029" HPOS="751" VPOS="387" WIDTH="81" HEIGHT="60" STYLEREFS="StyleId-0" CONTENT="on" WC="0.875" CC="20" />
            <SP ID="P63_SP00027" WIDTH="0" HPOS="0" VPOS="0" />
            <String ID="P63_S00030" HPOS="889" VPOS="388" WIDTH="214" HEIGHT="61" STYLEREFS="StyleId-0" CONTENT="pages" WC="1" CC="00000" />
            <SP ID="P63_SP00028" WIDTH="0" HPOS="0" VPOS="0" />
            <String ID="P63_S00031" HPOS="1155" VPOS="373" WIDTH="132" HEIGHT="76" STYLEREFS="StyleId-0" CONTENT="31b" WC="1" CC="000" />
            <SP ID="P63_SP00029" WIDTH="0" HPOS="0" VPOS="0" />
            <String ID="P63_S00032" HPOS="1339" VPOS="375" WIDTH="126" HEIGHT="75" STYLEREFS="StyleId-0" CONTENT="and" WC="0.81" CC="320" />
            <SP ID="P63_SP00030" WIDTH="0" HPOS="0" VPOS="0" />
            <String ID="P63_S00033" HPOS="1518" VPOS="375" WIDTH="151" HEIGHT="75" STYLEREFS="StyleId-0" CONTENT="33b." WC="1" CC="0000" />
            <SP ID="P63_SP00031" WIDTH="0" HPOS="0" VPOS="0" />
            <String ID="P63_S00034" HPOS="1722" VPOS="373" WIDTH="136" HEIGHT="76" STYLEREFS="StyleId-0" CONTENT="Jeff" WC="0.8325" CC="6000" />
            <SP ID="P63_SP00032" WIDTH="0" HPOS="0" VPOS="0" />
            <String ID="P63_S00035" HPOS="1905" VPOS="369" WIDTH="349" HEIGHT="81" STYLEREFS="StyleId-0" CONTENT="Sheppard" WC="0.9525" CC="00000300" />
            <SP ID="P63_SP00033" WIDTH="0" HPOS="0" VPOS="0" />
            <String ID="P63_S00036" HPOS="2311" VPOS="417" WIDTH="12" HEIGHT="33" STYLEREFS="StyleId-0" CONTENT="," WC="0.71" CC="2" />
            <SP ID="P63_SP00034" WIDTH="0" HPOS="0" VPOS="0" />
            <String ID="P63_S00037" HPOS="2380" VPOS="369" WIDTH="105" HEIGHT="81" STYLEREFS="StyleId-0" CONTENT="29," WC="0.8933333" CC="003" />
            <SP ID="P63_SP00035" WIDTH="0" HPOS="0" VPOS="0" />
            <String ID="P63_S00038" HPOS="2541" VPOS="367" WIDTH="106" HEIGHT="82" STYLEREFS="StyleId-0" CONTENT="35," WC="0.92" CC="002" />
            <SP ID="P63_SP00036" WIDTH="0" HPOS="0" VPOS="0" />
            <String ID="P63_S00039" HPOS="2703" VPOS="367" WIDTH="106" HEIGHT="82" STYLEREFS="StyleId-0" CONTENT="36;" WC="1" CC="000" />
            <SP ID="P63_SP00037" WIDTH="0" HPOS="0" VPOS="0" />
            <String ID="P63_S00040" HPOS="2859" VPOS="367" WIDTH="117" HEIGHT="82" STYLEREFS="StyleId-0" CONTENT="The" WC="0.75" CC="205" />
          </TextLine>
          <TextLine ID="P63_TL00004" HPOS="175" VPOS="465" WIDTH="2805" HEIGHT="84">
            <String ID="P63_S00041" HPOS="175" VPOS="465" WIDTH="285" HEIGHT="78" STYLEREFS="StyleId-0" CONTENT="morning" WC="0.8214286" CC="6000060" />
            <SP ID="P63_SP00038" WIDTH="0" HPOS="0" VPOS="0" />
            <String ID="P63_S00042" HPOS="514" VPOS="483" WIDTH="231" HEIGHT="61" STYLEREFS="StyleId-0" CONTENT="prayer" WC="1" CC="000000" />
            <SP ID="P63_SP00039" WIDTH="0" HPOS="0" VPOS="0" />
            <String ID="P63_S00043" HPOS="789" VPOS="486" WIDTH="141" HEIGHT="58" STYLEREFS="StyleId-0" CONTENT="was" WC="1" CC="000" />
            <SP ID="P63_SP00040" WIDTH="0" HPOS="0" VPOS="0" />
            <String ID="P63_S00044" HPOS="982" VPOS="471" WIDTH="100" HEIGHT="73" STYLEREFS="StyleId-0" CONTENT="led" WC="1" CC="000" />
            <SP ID="P63_SP00041" WIDTH="0" HPOS="0" VPOS="0" />
            <String ID="P63_S00045" HPOS="1134" VPOS="472" WIDTH="82" HEIGHT="75" STYLEREFS="StyleId-0" CONTENT="by" WC="1" CC="00" />
            <SP ID="P63_SP00042" WIDTH="0" HPOS="0" VPOS="0" />
            <String ID="P63_S00046" HPOS="1269" VPOS="472" WIDTH="156" HEIGHT="75" STYLEREFS="StyleId-0" CONTENT="Rev." WC="0.8825" CC="0013" />
            <SP ID="P63_SP00043" WIDTH="0" HPOS="0" VPOS="0" />
            <String ID="P63_S00047" HPOS="1480" VPOS="472" WIDTH="247" HEIGHT="75" STYLEREFS="StyleId-0" CONTENT="Forney" WC="1" CC="000000" />
            <SP ID="P63_SP00044" WIDTH="0" HPOS="0" VPOS="0" />
            <String ID="P63_S00048" HPOS="1776" VPOS="471" WIDTH="270" HEIGHT="76" STYLEREFS="StyleId-0" CONTENT="Walker." WC="0.9671429" CC="0000002" />
            <SP ID="P63_SP00045" WIDTH="0" HPOS="0" VPOS="0" />
            <String ID="P63_S00049" HPOS="2098" VPOS="468" WIDTH="138" HEIGHT="79" STYLEREFS="StyleId-0" CONTENT="The" WC="1" CC="000" />
            <SP ID="P63_SP00046" WIDTH="0" HPOS="0" VPOS="0" />
            <String ID="P63_S00050" HPOS="2286" VPOS="466" WIDTH="186" HEIGHT="81" STYLEREFS="StyleId-0" CONTENT="class" WC="1" CC="00000" />
            <SP ID="P63_SP00047" WIDTH="0" HPOS="0" VPOS="0" />
            <String ID="P63_S00051" HPOS="2523" VPOS="465" WIDTH="345" HEIGHT="82" STYLEREFS="StyleId-0" CONTENT="organized" WC="0.9711111" CC="200000000" />
            <SP ID="P63_SP00048" WIDTH="0" HPOS="0" VPOS="0" />
            <String ID="P63_S00052" HPOS="2916" VPOS="469" WIDTH="64" HEIGHT="79" STYLEREFS="StyleId-0" CONTENT="by" WC="0.755" CC="04" />
          </TextLine>
          <TextLine ID="P63_TL00005" HPOS="175" VPOS="562" WIDTH="2800" HEIGHT="84">
            <String ID="P63_S00053" HPOS="175" VPOS="562" WIDTH="309" HEIGHT="79" STYLEREFS="StyleId-0" CONTENT="retaining" WC="0.904444456" CC="052000000" />
            <SP ID="P63_SP00049" WIDTH="0" HPOS="0" VPOS="0" />
            <String ID="P63_S00054" HPOS="540" VPOS="565" WIDTH="109" HEIGHT="76" STYLEREFS="StyleId-0" CONTENT="the" WC="0.9" CC="003" />
            <SP ID="P63_SP00050" WIDTH="0" HPOS="0" VPOS="0" />
            <String ID="P63_S00055" HPOS="703" VPOS="567" WIDTH="316" HEIGHT="79" STYLEREFS="StyleId-0" CONTENT="following" WC="0.9355556" CC="023000000" />
            <SP ID="P63_SP00051" WIDTH="0" HPOS="0" VPOS="0" />
            <String ID="P63_S00056" HPOS="1075" VPOS="570" WIDTH="285" HEIGHT="76" STYLEREFS="StyleId-0" CONTENT="officers:" WC="0.92" CC="100200004" />
            <SP ID="P63_SP00052" WIDTH="0" HPOS="0" VPOS="0" />
            <String ID="P63_S00057" HPOS="1416" VPOS="570" WIDTH="369" HEIGHT="76" STYLEREFS="StyleId-0" CONTENT="Chairman," WC="0.937777758" CC="302000000" />
            <SP ID="P63_SP00053" WIDTH="0" HPOS="0" VPOS="0" />
            <String ID="P63_S00058" HPOS="1843" VPOS="567" WIDTH="172" HEIGHT="79" STYLEREFS="StyleId-0" CONTENT="Cecil" WC="0.962" CC="10000" />
            <SP ID="P63_SP00054" WIDTH="0" HPOS="0" VPOS="0" />
            <String ID="P63_S00059" HPOS="2074" VPOS="564" WIDTH="295" HEIGHT="82" STYLEREFS="StyleId-0" CONTENT="Edward;" WC="1" CC="0000000" />
            <SP ID="P63_SP00055" WIDTH="0" HPOS="0" VPOS="0" />
            <String ID="P63_S00060" HPOS="2425" VPOS="564" WIDTH="156" HEIGHT="82" STYLEREFS="StyleId-0" CONTENT="Vice" WC="0.9925" CC="0000" />
            <SP ID="P63_SP00056" WIDTH="0" HPOS="0" VPOS="0" />
            <String ID="P63_S00061" HPOS="2637" VPOS="564" WIDTH="339" HEIGHT="82" STYLEREFS="StyleId-0" CONTENT="Chairman," WC="0.9388889" CC="200000003" />
          </TextLine>
          <TextLine ID="P63_TL00006" HPOS="169" VPOS="660" WIDTH="2805" HEIGHT="82">
            <String ID="P63_S00062" HPOS="169" VPOS="660" WIDTH="138" HEIGHT="60" STYLEREFS="StyleId-0" CONTENT="Jeff" WC="0.765" CC="4004" />
            <SP ID="P63_SP00057" WIDTH="0" HPOS="0" VPOS="0" />
            <String ID="P63_S00063" HPOS="364" VPOS="661" WIDTH="373" HEIGHT="79" STYLEREFS="StyleId-0" CONTENT="Sheppard;" WC="1" CC="000000000" />
            <SP ID="P63_SP00058" WIDTH="0" HPOS="0" VPOS="0" />
            <String ID="P63_S00064" HPOS="801" VPOS="666" WIDTH="369" HEIGHT="76" STYLEREFS="StyleId-0" CONTENT="Secretary," WC="0.92" CC="0000040002" />
            <SP ID="P63_SP00059" WIDTH="0" HPOS="0" VPOS="0" />
            <String ID="P63_S00065" HPOS="1233" VPOS="667" WIDTH="177" HEIGHT="75" STYLEREFS="StyleId-0" CONTENT="Alice" WC="0.972" CC="00010" />
            <SP ID="P63_SP00060" WIDTH="0" HPOS="0" VPOS="0" />
            <String ID="P63_S00066" HPOS="1470" VPOS="667" WIDTH="336" HEIGHT="75" STYLEREFS="StyleId-0" CONTENT="Edwards;" WC="0.96375" CC="00000002" />
            <SP ID="P63_SP00061" WIDTH="0" HPOS="0" VPOS="0" />
            <String ID="P63_S00067" HPOS="1866" VPOS="664" WIDTH="354" HEIGHT="78" STYLEREFS="StyleId-0" CONTENT="Arranging" WC="0.9288889" CC="000000060" />
            <SP ID="P63_SP00062" WIDTH="0" HPOS="0" VPOS="0" />
            <String ID="P63_S00068" HPOS="2283" VPOS="663" WIDTH="414" HEIGHT="79" STYLEREFS="StyleId-0" CONTENT="Committee," WC="0.932" CC="0300003000" />
            <SP ID="P63_SP00063" WIDTH="0" HPOS="0" VPOS="0" />
            <String ID="P63_S00069" HPOS="2761" VPOS="664" WIDTH="213" HEIGHT="78" STYLEREFS="StyleId-0" CONTENT="Hester" WC="0.876666665" CC="400002" />
          </TextLine>
          <TextLine ID="P63_TL00007" HPOS="175" VPOS="757" WIDTH="2791" HEIGHT="82">
            <String ID="P63_S00070" HPOS="175" VPOS="757" WIDTH="328" HEIGHT="63" STYLEREFS="StyleId-0" CONTENT="Edwards." WC="0.93875" CC="00400000" />
            <SP ID="P63_SP00064" WIDTH="0" HPOS="0" VPOS="0" />
            <String ID="P63_S00071" HPOS="556" VPOS="762" WIDTH="283" HEIGHT="60" STYLEREFS="StyleId-0" CONTENT="Leaders" WC="1" CC="0000000" />
            <SP ID="P63_SP00065" WIDTH="0" HPOS="0" VPOS="0" />
            <String ID="P63_S00072" HPOS="885" VPOS="765" WIDTH="208" HEIGHT="58" STYLEREFS="StyleId-0" CONTENT="called" WC="1" CC="000000" />
            <SP ID="P63_SP00066" WIDTH="0" HPOS="0" VPOS="0" />
            <String ID="P63_S00073" HPOS="1138" VPOS="780" WIDTH="193" HEIGHT="45" STYLEREFS="StyleId-0" CONTENT="were:" WC="0.882" CC="00023" />
            <SP ID="P63_SP00067" WIDTH="0" HPOS="0" VPOS="0" />
            <String ID="P63_S00074" HPOS="1378" VPOS="765" WIDTH="171" HEIGHT="60" STYLEREFS="StyleId-0" CONTENT="Alice" WC="0.958" CC="00020" />
            <SP ID="P63_SP00068" WIDTH="0" HPOS="0" VPOS="0" />
            <String ID="P63_S00075" HPOS="1597" VPOS="765" WIDTH="324" HEIGHT="69" STYLEREFS="StyleId-0" CONTENT="Edwards," WC="1" CC="00000000" />
            <SP ID="P63_SP00069" WIDTH="0" HPOS="0" VPOS="0" />
            <String ID="P63_S00076" HPOS="1971" VPOS="762" WIDTH="151" HEIGHT="72" STYLEREFS="StyleId-0" CONTENT="39b," WC="0.99" CC="0000" />
            <SP ID="P63_SP00070" WIDTH="0" HPOS="0" VPOS="0" />
            <String ID="P63_S00077" HPOS="2178" VPOS="762" WIDTH="192" HEIGHT="72" STYLEREFS="StyleId-0" CONTENT="147b;" WC="1" CC="00000" />
            <SP ID="P63_SP00071" WIDTH="0" HPOS="0" VPOS="0" />
            <String ID="P63_S00078" HPOS="2421" VPOS="760" WIDTH="208" HEIGHT="76" STYLEREFS="StyleId-0" CONTENT="Henry" WC="1" CC="00000" />
            <SP ID="P63_SP00072" WIDTH="0" HPOS="0" VPOS="0" />
            <String ID="P63_S00079" HPOS="2674" VPOS="762" WIDTH="160" HEIGHT="75" STYLEREFS="StyleId-0" CONTENT="Kerr," WC="0.992" CC="00000" />
            <SP ID="P63_SP00073" WIDTH="0" HPOS="0" VPOS="0" />
            <String ID="P63_S00080" HPOS="2880" VPOS="769" WIDTH="87" HEIGHT="70" STYLEREFS="StyleId-0" CONTENT="42," WC="0.896666646" CC="003" />
          </TextLine>
          <TextLine ID="P63_TL00008" HPOS="178" VPOS="858" WIDTH="2793" HEIGHT="81">
            <String ID="P63_S00081" HPOS="178" VPOS="858" WIDTH="145" HEIGHT="72" STYLEREFS="StyleId-0" CONTENT="112;" WC="1" CC="0000" />
            <SP ID="P63_SP00074" WIDTH="0" HPOS="0" VPOS="0" />
            <String ID="P63_S00082" HPOS="372" VPOS="858" WIDTH="211" HEIGHT="72" STYLEREFS="StyleId-0" CONTENT="Loven" WC="0.996" CC="00000" />
            <SP ID="P63_SP00075" WIDTH="0" HPOS="0" VPOS="0" />
            <String ID="P63_S00083" HPOS="630" VPOS="861" WIDTH="291" HEIGHT="72" STYLEREFS="StyleId-0" CONTENT="Earnest," WC="0.98" CC="00000001" />
            <SP ID="P63_SP00076" WIDTH="0" HPOS="0" VPOS="0" />
            <String ID="P63_S00084" HPOS="967" VPOS="864" WIDTH="148" HEIGHT="69" STYLEREFS="StyleId-0" CONTENT="336," WC="0.9475" CC="0002" />
            <SP ID="P63_SP00077" WIDTH="0" HPOS="0" VPOS="0" />
            <String ID="P63_S00085" HPOS="1162" VPOS="864" WIDTH="151" HEIGHT="69" STYLEREFS="StyleId-0" CONTENT="337;" WC="1" CC="0000" />
            <SP ID="P63_SP00078" WIDTH="0" HPOS="0" VPOS="0" />
            <String ID="P63_S00086" HPOS="1362" VPOS="862" WIDTH="159" HEIGHT="70" STYLEREFS="StyleId-0" CONTENT="Dula" WC="1" CC="0000" />
            <SP ID="P63_SP00079" WIDTH="0" HPOS="0" VPOS="0" />
            <String ID="P63_S00087" HPOS="1560" VPOS="862" WIDTH="225" HEIGHT="70" STYLEREFS="StyleId-0" CONTENT="Webb," WC="0.962" CC="00001" />
            <SP ID="P63_SP00080" WIDTH="0" HPOS="0" VPOS="0" />
            <String ID="P63_S00088" HPOS="1833" VPOS="864" WIDTH="102" HEIGHT="69" STYLEREFS="StyleId-0" CONTENT="59," WC="0.9" CC="003" />
            <SP ID="P63_SP00081" WIDTH="0" HPOS="0" VPOS="0" />
            <String ID="P63_S00089" HPOS="1983" VPOS="862" WIDTH="105" HEIGHT="70" STYLEREFS="StyleId-0" CONTENT="73;" WC="1" CC="000" />
            <SP ID="P63_SP00082" WIDTH="0" HPOS="0" VPOS="0" />
            <String ID="P63_S00090" HPOS="2134" VPOS="859" WIDTH="255" HEIGHT="73" STYLEREFS="StyleId-0" CONTENT="Carlton" WC="0.742857158" CC="0000764" />
            <SP ID="P63_SP00083" WIDTH="0" HPOS="0" VPOS="0" />
            <String ID="P63_S00091" HPOS="2433" VPOS="859" WIDTH="222" HEIGHT="73" STYLEREFS="StyleId-0" CONTENT="Wood," WC="0.832" CC="00403" />
            <SP ID="P63_SP00084" WIDTH="0" HPOS="0" VPOS="0" />
            <String ID="P63_S00092" HPOS="2701" VPOS="862" WIDTH="141" HEIGHT="72" STYLEREFS="StyleId-0" CONTENT="340," WC="0.9325" CC="0020" />
            <SP ID="P63_SP00085" WIDTH="0" HPOS="0" VPOS="0" />
            <String ID="P63_S00093" HPOS="2887" VPOS="867" WIDTH="84" HEIGHT="72" STYLEREFS="StyleId-0" CONTENT="78," WC="0.88" CC="003" />
          </TextLine>
          <TextLine ID="P63_TL00009" HPOS="172" VPOS="957" WIDTH="1363" HEIGHT="78">
            <String ID="P63_S00094" HPOS="172" VPOS="957" WIDTH="154" HEIGHT="70" STYLEREFS="StyleId-0" CONTENT="313;" WC="1" CC="0000" />
            <SP ID="P63_SP00086" WIDTH="0" HPOS="0" VPOS="0" />
            <String ID="P63_S00095" HPOS="381" VPOS="957" WIDTH="177" HEIGHT="78" STYLEREFS="StyleId-0" CONTENT="Revy" WC="1" CC="0000" />
            <SP ID="P63_SP00087" WIDTH="0" HPOS="0" VPOS="0" />
            <String ID="P63_S00096" HPOS="607" VPOS="958" WIDTH="412" HEIGHT="76" STYLEREFS="StyleId-0" CONTENT="Williamson," WC="0.9290909" CC="02000000400" />
            <SP ID="P63_SP00088" WIDTH="0" HPOS="0" VPOS="0" />
            <String ID="P63_S00097" HPOS="1074" VPOS="963" WIDTH="102" HEIGHT="72" STYLEREFS="StyleId-0" CONTENT="63," WC="0.886666656" CC="003" />
            <SP ID="P63_SP00089" WIDTH="0" HPOS="0" VPOS="0" />
            <String ID="P63_S00098" HPOS="1230" VPOS="963" WIDTH="103" HEIGHT="72" STYLEREFS="StyleId-0" CONTENT="99," WC="0.8566667" CC="004" />
            <SP ID="P63_SP00090" WIDTH="0" HPOS="0" VPOS="0" />
            <String ID="P63_S00099" HPOS="1390" VPOS="963" WIDTH="145" HEIGHT="72" STYLEREFS="StyleId-0" CONTENT="124." WC="0.8925" CC="0004" />
          </TextLine>
          <TextLine ID="P63_TL00010" HPOS="177" VPOS="1054" WIDTH="297" HEIGHT="63">
            <String ID="P63_S00100" HPOS="177" VPOS="1054" WIDTH="297" HEIGHT="63" STYLEREFS="StyleId-0" CONTENT="RECESS." WC="0.9014286" CC="0330000" />
          </TextLine>
          <TextLine ID="P63_TL00011" HPOS="387" VPOS="1155" WIDTH="2575" HEIGHT="82">
            <String ID="P63_S00101" HPOS="387" VPOS="1155" WIDTH="175" HEIGHT="60" STYLEREFS="StyleId-0" CONTENT="Cecil" WC="1" CC="00000" />
            <SP ID="P63_SP00091" WIDTH="0" HPOS="0" VPOS="0" />
            <String ID="P63_S00102" HPOS="615" VPOS="1156" WIDTH="306" HEIGHT="60" STYLEREFS="StyleId-0" CONTENT="Edwards" WC="1" CC="0000000" />
            <SP ID="P63_SP00092" WIDTH="0" HPOS="0" VPOS="0" />
            <String ID="P63_S00103" HPOS="970" VPOS="1158" WIDTH="271" HEIGHT="75" STYLEREFS="StyleId-0" CONTENT="brought" WC="0.89" CC="0001006" />
            <SP ID="P63_SP00093" WIDTH="0" HPOS="0" VPOS="0" />
            <String ID="P63_S00104" HPOS="1287" VPOS="1158" WIDTH="111" HEIGHT="75" STYLEREFS="StyleId-0" CONTENT="the" WC="1" CC="000" />
            <SP ID="P63_SP00094" WIDTH="0" HPOS="0" VPOS="0" />
            <String ID="P63_S00105" HPOS="1444" VPOS="1158" WIDTH="181" HEIGHT="75" STYLEREFS="StyleId-0" CONTENT="class" WC="0.862" CC="10500" />
            <SP ID="P63_SP00095" WIDTH="0" HPOS="0" VPOS="0" />
            <String ID="P63_S00106" HPOS="1671" VPOS="1158" WIDTH="298" HEIGHT="76" STYLEREFS="StyleId-0" CONTENT="together" WC="0.925" CC="00060000" />
            <SP ID="P63_SP00096" WIDTH="0" HPOS="0" VPOS="0" />
            <String ID="P63_S00107" HPOS="2016" VPOS="1156" WIDTH="255" HEIGHT="78" STYLEREFS="StyleId-0" CONTENT="leading" WC="0.997142851" CC="0000000" />
            <SP ID="P63_SP00097" WIDTH="0" HPOS="0" VPOS="0" />
            <String ID="P63_S00108" HPOS="2319" VPOS="1173" WIDTH="168" HEIGHT="61" STYLEREFS="StyleId-0" CONTENT="song" WC="1" CC="0000" />
            <SP ID="P63_SP00098" WIDTH="0" HPOS="0" VPOS="0" />
            <String ID="P63_S00109" HPOS="2535" VPOS="1174" WIDTH="81" HEIGHT="60" STYLEREFS="StyleId-0" CONTENT="on" WC="1" CC="00" />
            <SP ID="P63_SP00099" WIDTH="0" HPOS="0" VPOS="0" />
            <String ID="P63_S00110" HPOS="2665" VPOS="1176" WIDTH="166" HEIGHT="61" STYLEREFS="StyleId-0" CONTENT="page" WC="0.835" CC="0411" />
            <SP ID="P63_SP00100" WIDTH="0" HPOS="0" VPOS="0" />
            <String ID="P63_S00111" HPOS="2875" VPOS="1165" WIDTH="87" HEIGHT="72" STYLEREFS="StyleId-0" CONTENT="61." WC="1" CC="000" />
          </TextLine>
          <TextLine ID="P63_TL00012" HPOS="177" VPOS="1251" WIDTH="2785" HEIGHT="84">
            <String ID="P63_S00112" HPOS="177" VPOS="1251" WIDTH="310" HEIGHT="61" STYLEREFS="StyleId-0" CONTENT="Leaders:" WC="0.9125" CC="00000007" />
            <SP ID="P63_SP00101" WIDTH="0" HPOS="0" VPOS="0" />
            <String ID="P63_S00113" HPOS="541" VPOS="1254" WIDTH="133" HEIGHT="60" STYLEREFS="StyleId-0" CONTENT="Ken" WC="1" CC="000" />
            <SP ID="P63_SP00102" WIDTH="0" HPOS="0" VPOS="0" />
            <String ID="P63_S00114" HPOS="730" VPOS="1254" WIDTH="306" HEIGHT="75" STYLEREFS="StyleId-0" CONTENT="McEiroy," WC="0.91375" CC="00000401" />
            <SP ID="P63_SP00103" WIDTH="0" HPOS="0" VPOS="0" />
            <String ID="P63_S00115" HPOS="1089" VPOS="1257" WIDTH="151" HEIGHT="72" STYLEREFS="StyleId-0" CONTENT="294," WC="0.9775" CC="0000" />
            <SP ID="P63_SP00104" WIDTH="0" HPOS="0" VPOS="0" />
            <String ID="P63_S00116" HPOS="1299" VPOS="1257" WIDTH="144" HEIGHT="72" STYLEREFS="StyleId-0" CONTENT="100," WC="0.85" CC="0013" />
            <SP ID="P63_SP00105" WIDTH="0" HPOS="0" VPOS="0" />
            <String ID="P63_S00117" HPOS="1495" VPOS="1257" WIDTH="151" HEIGHT="72" STYLEREFS="StyleId-0" CONTENT="358;" WC="1" CC="0000" />
            <SP ID="P63_SP00106" WIDTH="0" HPOS="0" VPOS="0" />
            <String ID="P63_S00118" HPOS="1698" VPOS="1255" WIDTH="273" HEIGHT="73" STYLEREFS="StyleId-0" CONTENT="Mozelle" WC="0.92" CC="0500000" />
            <SP ID="P63_SP00107" WIDTH="0" HPOS="0" VPOS="0" />
            <String ID="P63_S00119" HPOS="2023" VPOS="1255" WIDTH="363" HEIGHT="78" STYLEREFS="StyleId-0" CONTENT="Sheppard," WC="0.9822222" CC="000000001" />
            <SP ID="P63_SP00108" WIDTH="0" HPOS="0" VPOS="0" />
            <String ID="P63_S00120" HPOS="2439" VPOS="1257" WIDTH="192" HEIGHT="76" STYLEREFS="StyleId-0" CONTENT="348b," WC="0.928" CC="00102" />
            <SP ID="P63_SP00109" WIDTH="0" HPOS="0" VPOS="0" />
            <String ID="P63_S00121" HPOS="2685" VPOS="1260" WIDTH="97" HEIGHT="73" STYLEREFS="StyleId-0" CONTENT="72," WC="0.91" CC="002" />
            <SP ID="P63_SP00110" WIDTH="0" HPOS="0" VPOS="0" />
            <String ID="P63_S00122" HPOS="2836" VPOS="1264" WIDTH="126" HEIGHT="70" STYLEREFS="StyleId-0" CONTENT="101;" WC="0.9075" CC="0300" />
          </TextLine>
          <TextLine ID="P63_TL00013" HPOS="177" VPOS="1348" WIDTH="2782" HEIGHT="84">
            <String ID="P63_S00123" HPOS="177" VPOS="1348" WIDTH="253" HEIGHT="78" STYLEREFS="StyleId-0" CONTENT="Harvey" WC="0.938333333" CC="300000" />
            <SP ID="P63_SP00111" WIDTH="0" HPOS="0" VPOS="0" />
            <String ID="P63_S00124" HPOS="489" VPOS="1351" WIDTH="247" HEIGHT="75" STYLEREFS="StyleId-0" CONTENT="Austin," WC="0.8" CC="0002083" />
            <SP ID="P63_SP00112" WIDTH="0" HPOS="0" VPOS="0" />
            <String ID="P63_S00125" HPOS="802" VPOS="1354" WIDTH="147" HEIGHT="72" STYLEREFS="StyleId-0" CONTENT="108," WC="0.96" CC="0001" />
            <SP ID="P63_SP00113" WIDTH="0" HPOS="0" VPOS="0" />
            <String ID="P63_S00126" HPOS="1015" VPOS="1354" WIDTH="147" HEIGHT="72" STYLEREFS="StyleId-0" CONTENT="109," WC="1" CC="0000" />
            <SP ID="P63_SP00114" WIDTH="0" HPOS="0" VPOS="0" />
            <String ID="P63_S00127" HPOS="1224" VPOS="1354" WIDTH="153" HEIGHT="72" STYLEREFS="StyleId-0" CONTENT="335;" WC="1" CC="0000" />
            <SP ID="P63_SP00115" WIDTH="0" HPOS="0" VPOS="0" />
            <String ID="P63_S00128" HPOS="1434" VPOS="1353" WIDTH="207" HEIGHT="73" STYLEREFS="StyleId-0" CONTENT="Jewel" WC="1" CC="00000" />
            <SP ID="P63_SP00116" WIDTH="0" HPOS="0" VPOS="0" />
            <String ID="P63_S00129" HPOS="1698" VPOS="1353" WIDTH="322" HEIGHT="73" STYLEREFS="StyleId-0" CONTENT="Wootten," WC="0.82125" CC="00433004" />
            <SP ID="P63_SP00117" WIDTH="0" HPOS="0" VPOS="0" />
            <String ID="P63_S00130" HPOS="2080" VPOS="1356" WIDTH="106" HEIGHT="70" STYLEREFS="StyleId-0" CONTENT="27," WC="0.9166667" CC="002" />
            <SP ID="P63_SP00118" WIDTH="0" HPOS="0" VPOS="0" />
            <String ID="P63_S00131" HPOS="2247" VPOS="1356" WIDTH="108" HEIGHT="70" STYLEREFS="StyleId-0" CONTENT="32;" WC="0.99" CC="000" />
            <SP ID="P63_SP00119" WIDTH="0" HPOS="0" VPOS="0" />
            <String ID="P63_S00132" HPOS="2415" VPOS="1356" WIDTH="277" HEIGHT="70" STYLEREFS="StyleId-0" CONTENT="Carlene" WC="0.958571434" CC="2000000" />
            <SP ID="P63_SP00120" WIDTH="0" HPOS="0" VPOS="0" />
            <String ID="P63_S00133" HPOS="2749" VPOS="1359" WIDTH="210" HEIGHT="73" STYLEREFS="StyleId-0" CONTENT="Griffin," WC="0.97" CC="00020000" />
          </TextLine>
          <TextLine ID="P63_TL00014" HPOS="175" VPOS="1449" WIDTH="2785" HEIGHT="81">
            <String ID="P63_S00134" HPOS="175" VPOS="1449" WIDTH="105" HEIGHT="70" STYLEREFS="StyleId-0" CONTENT="57," WC="0.8566667" CC="004" />
            <SP ID="P63_SP00121" WIDTH="0" HPOS="0" VPOS="0" />
            <String ID="P63_S00135" HPOS="331" VPOS="1450" WIDTH="103" HEIGHT="69" STYLEREFS="StyleId-0" CONTENT="77," WC="0.896666646" CC="003" />
            <SP ID="P63_SP00122" WIDTH="0" HPOS="0" VPOS="0" />
            <String ID="P63_S00136" HPOS="483" VPOS="1450" WIDTH="153" HEIGHT="70" STYLEREFS="StyleId-0" CONTENT="309;" WC="0.93" CC="0200" />
            <SP ID="P63_SP00123" WIDTH="0" HPOS="0" VPOS="0" />
            <String ID="P63_S00137" HPOS="681" VPOS="1449" WIDTH="180" HEIGHT="76" STYLEREFS="StyleId-0" CONTENT="Jerry" WC="1" CC="00000" />
            <SP ID="P63_SP00124" WIDTH="0" HPOS="0" VPOS="0" />
            <String ID="P63_S00138" HPOS="909" VPOS="1449" WIDTH="364" HEIGHT="78" STYLEREFS="StyleId-0" CONTENT="Sheppard," WC="0.99222225" CC="000000000" />
            <SP ID="P63_SP00125" WIDTH="0" HPOS="0" VPOS="0" />
            <String ID="P63_S00139" HPOS="1327" VPOS="1452" WIDTH="144" HEIGHT="75" STYLEREFS="StyleId-0" CONTENT="120," WC="0.91" CC="0003" />
            <SP ID="P63_SP00126" WIDTH="0" HPOS="0" VPOS="0" />
            <String ID="P63_S00140" HPOS="1521" VPOS="1453" WIDTH="148" HEIGHT="73" STYLEREFS="StyleId-0" CONTENT="207," WC="0.9075" CC="0003" />
            <SP ID="P63_SP00127" WIDTH="0" HPOS="0" VPOS="0" />
            <String ID="P63_S00141" HPOS="1719" VPOS="1453" WIDTH="151" HEIGHT="73" STYLEREFS="StyleId-0" CONTENT="490;" WC="1" CC="0000" />
            <SP ID="P63_SP00128" WIDTH="0" HPOS="0" VPOS="0" />
            <String ID="P63_S00142" HPOS="1920" VPOS="1452" WIDTH="132" HEIGHT="75" STYLEREFS="StyleId-0" CONTENT="Ken" WC="1" CC="000" />
            <SP ID="P63_SP00129" WIDTH="0" HPOS="0" VPOS="0" />
            <String ID="P63_S00143" HPOS="2103" VPOS="1452" WIDTH="282" HEIGHT="78" STYLEREFS="StyleId-0" CONTENT="McEiroy" WC="0.93" CC="0100030" />
            <SP ID="P63_SP00130" WIDTH="0" HPOS="0" VPOS="0" />
            <String ID="P63_S00144" HPOS="2433" VPOS="1453" WIDTH="96" HEIGHT="76" STYLEREFS="StyleId-0" CONTENT="his" WC="1" CC="000" />
            <SP ID="P63_SP00131" WIDTH="0" HPOS="0" VPOS="0" />
            <String ID="P63_S00145" HPOS="2577" VPOS="1456" WIDTH="237" HEIGHT="73" STYLEREFS="StyleId-0" CONTENT="mother" WC="0.725" CC="034800" />
            <SP ID="P63_SP00132" WIDTH="0" HPOS="0" VPOS="0" />
            <String ID="P63_S00146" HPOS="2853" VPOS="1461" WIDTH="108" HEIGHT="69" STYLEREFS="StyleId-0" CONTENT="and" WC="0.8433333" CC="201" />
          </TextLine>
          <TextLine ID="P63_TL00015" HPOS="174" VPOS="1546" WIDTH="2793" HEIGHT="75">
            <String ID="P63_S00147" HPOS="174" VPOS="1546" WIDTH="481" HEIGHT="75" STYLEREFS="StyleId-0" CONTENT="grandmother," WC="0.9533333" CC="000000220000" />
            <SP ID="P63_SP00133" WIDTH="0" HPOS="0" VPOS="0" />
            <String ID="P63_S00148" HPOS="705" VPOS="1549" WIDTH="151" HEIGHT="72" STYLEREFS="StyleId-0" CONTENT="334," WC="1" CC="0000" />
            <SP ID="P63_SP00134" WIDTH="0" HPOS="0" VPOS="0" />
            <String ID="P63_S00149" HPOS="910" VPOS="1549" WIDTH="150" HEIGHT="72" STYLEREFS="StyleId-0" CONTENT="384." WC="0.8875" CC="0004" />
            <SP ID="P63_SP00135" WIDTH="0" HPOS="0" VPOS="0" />
            <String ID="P63_S00150" HPOS="1111" VPOS="1549" WIDTH="49" HEIGHT="72" STYLEREFS="StyleId-0" CONTENT="A" WC="1" CC="0" />
            <SP ID="P63_SP00136" WIDTH="0" HPOS="0" VPOS="0" />
            <String ID="P63_S00151" HPOS="1212" VPOS="1549" WIDTH="325" HEIGHT="72" STYLEREFS="StyleId-0" CONTENT="memorial" WC="0.9775" CC="00010000" />
            <SP ID="P63_SP00137" WIDTH="0" HPOS="0" VPOS="0" />
            <String ID="P63_S00152" HPOS="1584" VPOS="1566" WIDTH="141" HEIGHT="55" STYLEREFS="StyleId-0" CONTENT="was" WC="1" CC="000" />
            <SP ID="P63_SP00138" WIDTH="0" HPOS="0" VPOS="0" />
            <String ID="P63_S00153" HPOS="1776" VPOS="1549" WIDTH="144" HEIGHT="72" STYLEREFS="StyleId-0" CONTENT="held" WC="1" CC="0000" />
            <SP ID="P63_SP00139" WIDTH="0" HPOS="0" VPOS="0" />
            <String ID="P63_S00154" HPOS="1969" VPOS="1557" WIDTH="64" HEIGHT="64" STYLEREFS="StyleId-0" CONTENT="at" WC="1" CC="00" />
            <SP ID="P63_SP00140" WIDTH="0" HPOS="0" VPOS="0" />
            <String ID="P63_S00155" HPOS="2080" VPOS="1551" WIDTH="123" HEIGHT="70" STYLEREFS="StyleId-0" CONTENT="this" WC="0.9575" CC="1000" />
            <SP ID="P63_SP00141" WIDTH="0" HPOS="0" VPOS="0" />
            <String ID="P63_S00156" HPOS="2250" VPOS="1552" WIDTH="169" HEIGHT="69" STYLEREFS="StyleId-0" CONTENT="time." WC="0.892" CC="10004" />
            <SP ID="P63_SP00142" WIDTH="0" HPOS="0" VPOS="0" />
            <String ID="P63_S00157" HPOS="2470" VPOS="1554" WIDTH="171" HEIGHT="67" STYLEREFS="StyleId-0" CONTENT="Cecil" WC="0.996" CC="00000" />
            <SP ID="P63_SP00143" WIDTH="0" HPOS="0" VPOS="0" />
            <String ID="P63_S00158" HPOS="2692" VPOS="1555" WIDTH="274" HEIGHT="66" STYLEREFS="StyleId-0" CONTENT="Edwards" WC="0.89" CC="0402000" />
          </TextLine>
          <TextLine ID="P63_TL00016" HPOS="178" VPOS="1642" WIDTH="2784" HEIGHT="84">
            <String ID="P63_S00159" HPOS="178" VPOS="1642" WIDTH="100" HEIGHT="58" STYLEREFS="StyleId-0" CONTENT="led" WC="0.96" CC="010" />
            <SP ID="P63_SP00144" WIDTH="0" HPOS="0" VPOS="0" />
            <String ID="P63_S00160" HPOS="325" VPOS="1645" WIDTH="87" HEIGHT="57" STYLEREFS="StyleId-0" CONTENT="45" WC="1" CC="00" />
            <SP ID="P63_SP00145" WIDTH="0" HPOS="0" VPOS="0" />
            <String ID="P63_S00161" HPOS="457" VPOS="1644" WIDTH="96" HEIGHT="58" STYLEREFS="StyleId-0" CONTENT="for" WC="1" CC="000" />
            <SP ID="P63_SP00146" WIDTH="0" HPOS="0" VPOS="0" />
            <String ID="P63_S00162" HPOS="597" VPOS="1644" WIDTH="162" HEIGHT="58" STYLEREFS="StyleId-0" CONTENT="Ocie" WC="0.97" CC="0000" />
            <SP ID="P63_SP00147" WIDTH="0" HPOS="0" VPOS="0" />
            <String ID="P63_S00163" HPOS="808" VPOS="1645" WIDTH="325" HEIGHT="70" STYLEREFS="StyleId-0" CONTENT="Edwards," WC="1" CC="00000000" />
            <SP ID="P63_SP00148" WIDTH="0" HPOS="0" VPOS="0" />
            <String ID="P63_S00164" HPOS="1186" VPOS="1645" WIDTH="234" HEIGHT="70" STYLEREFS="StyleId-0" CONTENT="Bertha" WC="0.9483333" CC="030000" />
            <SP ID="P63_SP00149" WIDTH="0" HPOS="0" VPOS="0" />
            <String ID="P63_S00165" HPOS="1467" VPOS="1647" WIDTH="265" HEIGHT="76" STYLEREFS="StyleId-0" CONTENT="Kilgore," WC="0.8475" CC="00001243" />
            <SP ID="P63_SP00150" WIDTH="0" HPOS="0" VPOS="0" />
            <String ID="P63_S00166" HPOS="1782" VPOS="1648" WIDTH="169" HEIGHT="75" STYLEREFS="StyleId-0" CONTENT="Grey" WC="0.965" CC="0010" />
            <SP ID="P63_SP00151" WIDTH="0" HPOS="0" VPOS="0" />
            <String ID="P63_S00167" HPOS="1995" VPOS="1648" WIDTH="238" HEIGHT="75" STYLEREFS="StyleId-0" CONTENT="Taylor," WC="0.941428542" CC="0000400" />
            <SP ID="P63_SP00152" WIDTH="0" HPOS="0" VPOS="0" />
            <String ID="P63_S00168" HPOS="2287" VPOS="1650" WIDTH="228" HEIGHT="73" STYLEREFS="StyleId-0" CONTENT="Bertha" WC="1" CC="000000" />
            <SP ID="P63_SP00153" WIDTH="0" HPOS="0" VPOS="0" />
            <String ID="P63_S00169" HPOS="2563" VPOS="1651" WIDTH="243" HEIGHT="75" STYLEREFS="StyleId-0" CONTENT="Boyles." WC="1" CC="0000000" />
            <SP ID="P63_SP00154" WIDTH="0" HPOS="0" VPOS="0" />
            <String ID="P63_S00170" HPOS="2850" VPOS="1654" WIDTH="112" HEIGHT="72" STYLEREFS="StyleId-0" CONTENT="Jeff" WC="0.8775" CC="0220" />
          </TextLine>
          <TextLine ID="P63_TL00017" HPOS="177" VPOS="1740" WIDTH="2779" HEIGHT="85">
            <String ID="P63_S00171" HPOS="177" VPOS="1740" WIDTH="345" HEIGHT="76" STYLEREFS="StyleId-0" CONTENT="Sheppard" WC="1" CC="00000000" />
            <SP ID="P63_SP00155" WIDTH="0" HPOS="0" VPOS="0" />
            <String ID="P63_S00172" HPOS="570" VPOS="1741" WIDTH="97" HEIGHT="75" STYLEREFS="StyleId-0" CONTENT="led" WC="1" CC="000" />
            <SP ID="P63_SP00156" WIDTH="0" HPOS="0" VPOS="0" />
            <String ID="P63_S00173" HPOS="712" VPOS="1743" WIDTH="117" HEIGHT="73" STYLEREFS="StyleId-0" CONTENT="341" WC="1" CC="000" />
            <SP ID="P63_SP00157" WIDTH="0" HPOS="0" VPOS="0" />
            <String ID="P63_S00174" HPOS="889" VPOS="1743" WIDTH="126" HEIGHT="73" STYLEREFS="StyleId-0" CONTENT="and" WC="1" CC="000" />
            <SP ID="P63_SP00158" WIDTH="0" HPOS="0" VPOS="0" />
            <String ID="P63_S00175" HPOS="1062" VPOS="1744" WIDTH="84" HEIGHT="72" STYLEREFS="StyleId-0" CONTENT="97" WC="1" CC="00" />
            <SP ID="P63_SP00159" WIDTH="0" HPOS="0" VPOS="0" />
            <String ID="P63_S00176" HPOS="1188" VPOS="1743" WIDTH="96" HEIGHT="73" STYLEREFS="StyleId-0" CONTENT="for" WC="1" CC="000" />
            <SP ID="P63_SP00160" WIDTH="0" HPOS="0" VPOS="0" />
            <String ID="P63_S00177" HPOS="1326" VPOS="1743" WIDTH="118" HEIGHT="73" STYLEREFS="StyleId-0" CONTENT="Era" WC="0.983333349" CC="000" />
            <SP ID="P63_SP00161" WIDTH="0" HPOS="0" VPOS="0" />
            <String ID="P63_S00178" HPOS="1489" VPOS="1744" WIDTH="252" HEIGHT="72" STYLEREFS="StyleId-0" CONTENT="Norton," WC="0.8428571" CC="0006400" />
            <SP ID="P63_SP00162" WIDTH="0" HPOS="0" VPOS="0" />
            <String ID="P63_S00179" HPOS="1791" VPOS="1746" WIDTH="144" HEIGHT="70" STYLEREFS="StyleId-0" CONTENT="Mrs." WC="0.8925" CC="0004" />
            <SP ID="P63_SP00163" WIDTH="0" HPOS="0" VPOS="0" />
            <String ID="P63_S00180" HPOS="1987" VPOS="1746" WIDTH="63" HEIGHT="70" STYLEREFS="StyleId-0" CONTENT="E." WC="1" CC="00" />
            <SP ID="P63_SP00164" WIDTH="0" HPOS="0" VPOS="0" />
            <String ID="P63_S00181" HPOS="2098" VPOS="1747" WIDTH="70" HEIGHT="69" STYLEREFS="StyleId-0" CONTENT="C." WC="0.755" CC="40" />
            <SP ID="P63_SP00165" WIDTH="0" HPOS="0" VPOS="0" />
            <String ID="P63_S00182" HPOS="2218" VPOS="1747" WIDTH="253" HEIGHT="70" STYLEREFS="StyleId-0" CONTENT="Bowen," WC="0.99333334" CC="000000" />
            <SP ID="P63_SP00166" WIDTH="0" HPOS="0" VPOS="0" />
            <String ID="P63_S00183" HPOS="2521" VPOS="1749" WIDTH="195" HEIGHT="76" STYLEREFS="StyleId-0" CONTENT="Ralph" WC="0.96" CC="02000" />
            <SP ID="P63_SP00167" WIDTH="0" HPOS="0" VPOS="0" />
            <String ID="P63_S00184" HPOS="2760" VPOS="1750" WIDTH="196" HEIGHT="75" STYLEREFS="StyleId-0" CONTENT="Wood," WC="0.938" CC="01001" />
          </TextLine>
          <TextLine ID="P63_TL00018" HPOS="178" VPOS="1836" WIDTH="2785" HEIGHT="84">
            <String ID="P63_S00185" HPOS="178" VPOS="1836" WIDTH="186" HEIGHT="61" STYLEREFS="StyleId-0" CONTENT="Mack" WC="0.9875" CC="0000" />
            <SP ID="P63_SP00168" WIDTH="0" HPOS="0" VPOS="0" />
            <String ID="P63_S00186" HPOS="400" VPOS="1839" WIDTH="126" HEIGHT="58" STYLEREFS="StyleId-0" CONTENT="and" WC="1" CC="000" />
            <SP ID="P63_SP00169" WIDTH="0" HPOS="0" VPOS="0" />
            <String ID="P63_S00187" HPOS="565" VPOS="1839" WIDTH="279" HEIGHT="60" STYLEREFS="StyleId-0" CONTENT="Chester" WC="0.954285741" CC="0000300" />
            <SP ID="P63_SP00170" WIDTH="0" HPOS="0" VPOS="0" />
            <String ID="P63_S00188" HPOS="874" VPOS="1839" WIDTH="312" HEIGHT="61" STYLEREFS="StyleId-0" CONTENT="Wootten." WC="0.80375" CC="04334000" />
            <SP ID="P63_SP00171" WIDTH="0" HPOS="0" VPOS="0" />
            <String ID="P63_S00189" HPOS="1228" VPOS="1840" WIDTH="277" HEIGHT="61" STYLEREFS="StyleId-0" CONTENT="Shellbie" WC="0.94625" CC="30000000" />
            <SP ID="P63_SP00172" WIDTH="0" HPOS="0" VPOS="0" />
            <String ID="P63_S00190" HPOS="1543" VPOS="1842" WIDTH="334" HEIGHT="78" STYLEREFS="StyleId-0" CONTENT="Sheppard" WC="1" CC="00000000" />
            <SP ID="P63_SP00173" WIDTH="0" HPOS="0" VPOS="0" />
            <String ID="P63_S00191" HPOS="1918" VPOS="1843" WIDTH="96" HEIGHT="76" STYLEREFS="StyleId-0" CONTENT="led" WC="0.9633333" CC="010" />
            <SP ID="P63_SP00174" WIDTH="0" HPOS="0" VPOS="0" />
            <String ID="P63_S00192" HPOS="2058" VPOS="1846" WIDTH="121" HEIGHT="73" STYLEREFS="StyleId-0" CONTENT="186" WC="0.99333334" CC="000" />
            <SP ID="P63_SP00175" WIDTH="0" HPOS="0" VPOS="0" />
            <String ID="P63_S00193" HPOS="2214" VPOS="1845" WIDTH="93" HEIGHT="75" STYLEREFS="StyleId-0" CONTENT="for" WC="0.9266667" CC="020" />
            <SP ID="P63_SP00176" WIDTH="0" HPOS="0" VPOS="0" />
            <String ID="P63_S00194" HPOS="2341" VPOS="1846" WIDTH="111" HEIGHT="73" STYLEREFS="StyleId-0" CONTENT="her" WC="1" CC="000" />
            <SP ID="P63_SP00177" WIDTH="0" HPOS="0" VPOS="0" />
            <String ID="P63_S00195" HPOS="2487" VPOS="1846" WIDTH="235" HEIGHT="73" STYLEREFS="StyleId-0" CONTENT="mother" WC="1" CC="000000" />
            <SP ID="P63_SP00178" WIDTH="0" HPOS="0" VPOS="0" />
            <String ID="P63_S00196" HPOS="2754" VPOS="1849" WIDTH="117" HEIGHT="70" STYLEREFS="StyleId-0" CONTENT="and" WC="0.96" CC="100" />
            <SP ID="P63_SP00179" WIDTH="0" HPOS="0" VPOS="0" />
            <String ID="P63_S00197" HPOS="2904" VPOS="1851" WIDTH="60" HEIGHT="69" STYLEREFS="StyleId-0" CONTENT="all" WC="0.5933333" CC="056" />
          </TextLine>
          <TextLine ID="P63_TL00019" HPOS="175" VPOS="1936" WIDTH="795" HEIGHT="63">
            <String ID="P63_S00198" HPOS="175" VPOS="1936" WIDTH="109" HEIGHT="58" STYLEREFS="StyleId-0" CONTENT="the" WC="0.84" CC="102" />
            <SP ID="P63_SP00180" WIDTH="0" HPOS="0" VPOS="0" />
            <String ID="P63_S00199" HPOS="325" VPOS="1936" WIDTH="138" HEIGHT="60" STYLEREFS="StyleId-0" CONTENT="sick" WC="0.98" CC="0000" />
            <SP ID="P63_SP00181" WIDTH="0" HPOS="0" VPOS="0" />
            <String ID="P63_S00200" HPOS="504" VPOS="1938" WIDTH="126" HEIGHT="58" STYLEREFS="StyleId-0" CONTENT="and" WC="0.9266667" CC="020" />
            <SP ID="P63_SP00182" WIDTH="0" HPOS="0" VPOS="0" />
            <String ID="P63_S00201" HPOS="672" VPOS="1938" WIDTH="298" HEIGHT="61" STYLEREFS="StyleId-0" CONTENT="shut-ins." WC="0.88" CC="000500004" />
          </TextLine>
          <TextLine ID="P63_TL00020" HPOS="178" VPOS="2035" WIDTH="858" HEIGHT="61">
            <String ID="P63_S00202" HPOS="178" VPOS="2035" WIDTH="397" HEIGHT="60" STYLEREFS="StyleId-0" CONTENT="DISMISSED" WC="0.9911111" CC="000000000" />
            <SP ID="P63_SP00183" WIDTH="0" HPOS="0" VPOS="0" />
            <String ID="P63_S00203" HPOS="600" VPOS="2035" WIDTH="151" HEIGHT="60" STYLEREFS="StyleId-0" CONTENT="FOR" WC="1" CC="000" />
            <SP ID="P63_SP00184" WIDTH="0" HPOS="0" VPOS="0" />
            <String ID="P63_S00204" HPOS="774" VPOS="2037" WIDTH="262" HEIGHT="60" STYLEREFS="StyleId-0" CONTENT="LUNCH." WC="0.8933333" CC="000104" />
          </TextLine>
          <TextLine ID="P63_TL00021" HPOS="397" VPOS="2134" WIDTH="2562" HEIGHT="87">
            <String ID="P63_S00205" HPOS="397" VPOS="2134" WIDTH="138" HEIGHT="60" STYLEREFS="StyleId-0" CONTENT="The" WC="0.876666665" CC="003" />
            <SP ID="P63_SP00185" WIDTH="0" HPOS="0" VPOS="0" />
            <String ID="P63_S00206" HPOS="579" VPOS="2134" WIDTH="331" HEIGHT="61" STYLEREFS="StyleId-0" CONTENT="afternoon" WC="0.9122222" CC="002000410" />
            <SP ID="P63_SP00186" WIDTH="0" HPOS="0" VPOS="0" />
            <String ID="P63_S00207" HPOS="954" VPOS="2137" WIDTH="267" HEIGHT="60" STYLEREFS="StyleId-0" CONTENT="session" WC="0.941428542" CC="0000040" />
            <SP ID="P63_SP00187" WIDTH="0" HPOS="0" VPOS="0" />
            <String ID="P63_S00208" HPOS="1267" VPOS="2139" WIDTH="300" HEIGHT="60" STYLEREFS="StyleId-0" CONTENT="resumed" WC="0.98" CC="1000000" />
            <SP ID="P63_SP00188" WIDTH="0" HPOS="0" VPOS="0" />
            <String ID="P63_S00209" HPOS="1609" VPOS="2140" WIDTH="138" HEIGHT="60" STYLEREFS="StyleId-0" CONTENT="with" WC="0.8025" CC="5020" />
            <SP ID="P63_SP00189" WIDTH="0" HPOS="0" VPOS="0" />
            <String ID="P63_S00210" HPOS="1788" VPOS="2140" WIDTH="130" HEIGHT="60" STYLEREFS="StyleId-0" CONTENT="Jeff" WC="0.9675" CC="0100" />
            <SP ID="P63_SP00190" WIDTH="0" HPOS="0" VPOS="0" />
            <String ID="P63_S00211" HPOS="1957" VPOS="2140" WIDTH="334" HEIGHT="78" STYLEREFS="StyleId-0" CONTENT="Sheppard" WC="0.905" CC="40300000" />
            <SP ID="P63_SP00191" WIDTH="0" HPOS="0" VPOS="0" />
            <String ID="P63_S00212" HPOS="2338" VPOS="2142" WIDTH="244" HEIGHT="78" STYLEREFS="StyleId-0" CONTENT="leading" WC="0.98" CC="0000100" />
            <SP ID="P63_SP00192" WIDTH="0" HPOS="0" VPOS="0" />
            <String ID="P63_S00213" HPOS="2661" VPOS="2160" WIDTH="195" HEIGHT="61" STYLEREFS="StyleId-0" CONTENT="songs" WC="0.868" CC="02040" />
            <SP ID="P63_SP00193" WIDTH="0" HPOS="0" VPOS="0" />
            <String ID="P63_S00214" HPOS="2895" VPOS="2161" WIDTH="64" HEIGHT="60" STYLEREFS="StyleId-0" CONTENT="on" WC="0.94" CC="10" />
          </TextLine>
          <TextLine ID="P63_TL00022" HPOS="178" VPOS="2233" WIDTH="2775" HEIGHT="84">
            <String ID="P63_S00215" HPOS="178" VPOS="2247" WIDTH="219" HEIGHT="63" STYLEREFS="StyleId-0" CONTENT="pages" WC="1" CC="00000" />
            <SP ID="P63_SP00194" WIDTH="0" HPOS="0" VPOS="0" />
            <String ID="P63_S00216" HPOS="459" VPOS="2235" WIDTH="85" HEIGHT="75" STYLEREFS="StyleId-0" CONTENT="87" WC="1" CC="00" />
            <SP ID="P63_SP00195" WIDTH="0" HPOS="0" VPOS="0" />
            <String ID="P63_S00217" HPOS="607" VPOS="2233" WIDTH="127" HEIGHT="76" STYLEREFS="StyleId-0" CONTENT="and" WC="1" CC="000" />
            <SP ID="P63_SP00196" WIDTH="0" HPOS="0" VPOS="0" />
            <String ID="P63_S00218" HPOS="796" VPOS="2236" WIDTH="153" HEIGHT="73" STYLEREFS="StyleId-0" CONTENT="441." WC="1" CC="0000" />
            <SP ID="P63_SP00197" WIDTH="0" HPOS="0" VPOS="0" />
            <String ID="P63_S00219" HPOS="1015" VPOS="2236" WIDTH="313" HEIGHT="73" STYLEREFS="StyleId-0" CONTENT="Leaders:" WC="0.97875" CC="00000001" />
            <SP ID="P63_SP00198" WIDTH="0" HPOS="0" VPOS="0" />
            <String ID="P63_S00220" HPOS="1393" VPOS="2238" WIDTH="316" HEIGHT="72" STYLEREFS="StyleId-0" CONTENT="Freeman" WC="1" CC="0000000" />
            <SP ID="P63_SP00199" WIDTH="0" HPOS="0" VPOS="0" />
            <String ID="P63_S00221" HPOS="1770" VPOS="2239" WIDTH="319" HEIGHT="70" STYLEREFS="StyleId-0" CONTENT="Wootten," WC="0.86875" CC="00413000" />
            <SP ID="P63_SP00200" WIDTH="0" HPOS="0" VPOS="0" />
            <String ID="P63_S00222" HPOS="2151" VPOS="2242" WIDTH="108" HEIGHT="69" STYLEREFS="StyleId-0" CONTENT="30," WC="0.873333335" CC="003" />
            <SP ID="P63_SP00201" WIDTH="0" HPOS="0" VPOS="0" />
            <String ID="P63_S00223" HPOS="2319" VPOS="2241" WIDTH="150" HEIGHT="70" STYLEREFS="StyleId-0" CONTENT="48b," WC="1" CC="0000" />
            <SP ID="P63_SP00202" WIDTH="0" HPOS="0" VPOS="0" />
            <String ID="P63_S00224" HPOS="2536" VPOS="2244" WIDTH="147" HEIGHT="67" STYLEREFS="StyleId-0" CONTENT="171;" WC="0.8675" CC="0004" />
            <SP ID="P63_SP00203" WIDTH="0" HPOS="0" VPOS="0" />
            <String ID="P63_S00225" HPOS="2743" VPOS="2242" WIDTH="210" HEIGHT="75" STYLEREFS="StyleId-0" CONTENT="Evelyn" WC="0.81" CC="060005" />
          </TextLine>
          <TextLine ID="P63_TL00023" HPOS="180" VPOS="2331" WIDTH="2776" HEIGHT="85">
            <String ID="P63_S00226" HPOS="180" VPOS="2331" WIDTH="232" HEIGHT="72" STYLEREFS="StyleId-0" CONTENT="Harris," WC="0.9442857" CC="1000002" />
            <SP ID="P63_SP00204" WIDTH="0" HPOS="0" VPOS="0" />
            <String ID="P63_S00227" HPOS="465" VPOS="2334" WIDTH="106" HEIGHT="70" STYLEREFS="StyleId-0" CONTENT="47," WC="0.9866667" CC="000" />
            <SP ID="P63_SP00205" WIDTH="0" HPOS="0" VPOS="0" />
            <String ID="P63_S00228" HPOS="622" VPOS="2335" WIDTH="151" HEIGHT="69" STYLEREFS="StyleId-0" CONTENT="405," WC="0.9475" CC="0002" />
            <SP ID="P63_SP00206" WIDTH="0" HPOS="0" VPOS="0" />
            <String ID="P63_S00229" HPOS="828" VPOS="2335" WIDTH="151" HEIGHT="70" STYLEREFS="StyleId-0" CONTENT="566;" WC="1" CC="0000" />
            <SP ID="P63_SP00207" WIDTH="0" HPOS="0" VPOS="0" />
            <String ID="P63_S00230" HPOS="1033" VPOS="2334" WIDTH="160" HEIGHT="76" STYLEREFS="StyleId-0" CONTENT="Hoyt" WC="0.8425" CC="0203" />
            <SP ID="P63_SP00208" WIDTH="0" HPOS="0" VPOS="0" />
            <String ID="P63_S00231" HPOS="1245" VPOS="2335" WIDTH="300" HEIGHT="75" STYLEREFS="StyleId-0" CONTENT="Renfroe," WC="0.89875" CC="00000503" />
            <SP ID="P63_SP00209" WIDTH="0" HPOS="0" VPOS="0" />
            <String ID="P63_S00232" HPOS="1594" VPOS="2337" WIDTH="148" HEIGHT="73" STYLEREFS="StyleId-0" CONTENT="39b," WC="1" CC="0000" />
            <SP ID="P63_SP00210" WIDTH="0" HPOS="0" VPOS="0" />
            <String ID="P63_S00233" HPOS="1801" VPOS="2340" WIDTH="142" HEIGHT="70" STYLEREFS="StyleId-0" CONTENT="137," WC="0.9825" CC="0000" />
            <SP ID="P63_SP00211" WIDTH="0" HPOS="0" VPOS="0" />
            <String ID="P63_S00234" HPOS="1995" VPOS="2340" WIDTH="148" HEIGHT="70" STYLEREFS="StyleId-0" CONTENT="318," WC="0.93" CC="0002" />
            <SP ID="P63_SP00212" WIDTH="0" HPOS="0" VPOS="0" />
            <String ID="P63_S00235" HPOS="2197" VPOS="2341" WIDTH="148" HEIGHT="69" STYLEREFS="StyleId-0" CONTENT="512;" WC="1" CC="0000" />
            <SP ID="P63_SP00213" WIDTH="0" HPOS="0" VPOS="0" />
            <String ID="P63_S00236" HPOS="2394" VPOS="2340" WIDTH="295" HEIGHT="76" STYLEREFS="StyleId-0" CONTENT="Opalene" WC="1" CC="0000000" />
            <SP ID="P63_SP00214" WIDTH="0" HPOS="0" VPOS="0" />
            <String ID="P63_S00237" HPOS="2736" VPOS="2340" WIDTH="220" HEIGHT="76" STYLEREFS="StyleId-0" CONTENT="Walker" WC="0.8666667" CC="060001" />
          </TextLine>
          <TextLine ID="P63_TL00024" HPOS="180" VPOS="2430" WIDTH="2772" HEIGHT="82">
            <String ID="P63_S00238" HPOS="180" VPOS="2430" WIDTH="250" HEIGHT="72" STYLEREFS="StyleId-0" CONTENT="Roach," WC="0.873333335" CC="040002" />
            <SP ID="P63_SP00215" WIDTH="0" HPOS="0" VPOS="0" />
            <String ID="P63_S00239" HPOS="496" VPOS="2433" WIDTH="147" HEIGHT="70" STYLEREFS="StyleId-0" CONTENT="143," WC="0.96" CC="0001" />
            <SP ID="P63_SP00216" WIDTH="0" HPOS="0" VPOS="0" />
            <String ID="P63_S00240" HPOS="703" VPOS="2434" WIDTH="108" HEIGHT="69" STYLEREFS="StyleId-0" CONTENT="46;" WC="1" CC="000" />
            <SP ID="P63_SP00217" WIDTH="0" HPOS="0" VPOS="0" />
            <String ID="P63_S00241" HPOS="873" VPOS="2433" WIDTH="145" HEIGHT="76" STYLEREFS="StyleId-0" CONTENT="Billy" WC="0.934" CC="00300" />
            <SP ID="P63_SP00218" WIDTH="0" HPOS="0" VPOS="0" />
            <String ID="P63_S00242" HPOS="1078" VPOS="2434" WIDTH="231" HEIGHT="75" STYLEREFS="StyleId-0" CONTENT="Harris," WC="0.9357143" CC="0000004" />
            <SP ID="P63_SP00219" WIDTH="0" HPOS="0" VPOS="0" />
            <String ID="P63_S00243" HPOS="1368" VPOS="2437" WIDTH="105" HEIGHT="72" STYLEREFS="StyleId-0" CONTENT="40," WC="0.873333335" CC="003" />
            <SP ID="P63_SP00220" WIDTH="0" HPOS="0" VPOS="0" />
            <String ID="P63_S00244" HPOS="1534" VPOS="2437" WIDTH="105" HEIGHT="72" STYLEREFS="StyleId-0" CONTENT="62;" WC="0.9533333" CC="100" />
            <SP ID="P63_SP00221" WIDTH="0" HPOS="0" VPOS="0" />
            <String ID="P63_S00245" HPOS="1695" VPOS="2436" WIDTH="132" HEIGHT="73" STYLEREFS="StyleId-0" CONTENT="Ora" WC="1" CC="000" />
            <SP ID="P63_SP00222" WIDTH="0" HPOS="0" VPOS="0" />
            <String ID="P63_S00246" HPOS="1884" VPOS="2437" WIDTH="238" HEIGHT="72" STYLEREFS="StyleId-0" CONTENT="Martin," WC="0.8971428" CC="0004003" />
            <SP ID="P63_SP00223" WIDTH="0" HPOS="0" VPOS="0" />
            <String ID="P63_S00247" HPOS="2181" VPOS="2440" WIDTH="148" HEIGHT="69" STYLEREFS="StyleId-0" CONTENT="274," WC="0.9625" CC="0001" />
            <SP ID="P63_SP00224" WIDTH="0" HPOS="0" VPOS="0" />
            <String ID="P63_S00248" HPOS="2394" VPOS="2440" WIDTH="142" HEIGHT="69" STYLEREFS="StyleId-0" CONTENT="189," WC="1" CC="0000" />
            <SP ID="P63_SP00225" WIDTH="0" HPOS="0" VPOS="0" />
            <String ID="P63_S00249" HPOS="2595" VPOS="2440" WIDTH="147" HEIGHT="69" STYLEREFS="StyleId-0" CONTENT="436;" WC="0.97" CC="0010" />
            <SP ID="P63_SP00226" WIDTH="0" HPOS="0" VPOS="0" />
            <String ID="P63_S00250" HPOS="2799" VPOS="2439" WIDTH="153" HEIGHT="73" STYLEREFS="StyleId-0" CONTENT="Larry" WC="1" CC="00000" />
          </TextLine>
          <TextLine ID="P63_TL00025" HPOS="180" VPOS="2529" WIDTH="2775" HEIGHT="78">
            <String ID="P63_S00251" HPOS="180" VPOS="2529" WIDTH="265" HEIGHT="73" STYLEREFS="StyleId-0" CONTENT="Barrett," WC="0.945" CC="00000004" />
            <SP ID="P63_SP00227" WIDTH="0" HPOS="0" VPOS="0" />
            <String ID="P63_S00252" HPOS="513" VPOS="2533" WIDTH="150" HEIGHT="70" STYLEREFS="StyleId-0" CONTENT="147," WC="0.925" CC="0003" />
            <SP ID="P63_SP00228" WIDTH="0" HPOS="0" VPOS="0" />
            <String ID="P63_S00253" HPOS="729" VPOS="2533" WIDTH="148" HEIGHT="70" STYLEREFS="StyleId-0" CONTENT="107;" WC="1" CC="0000" />
            <SP ID="P63_SP00229" WIDTH="0" HPOS="0" VPOS="0" />
            <String ID="P63_S00254" HPOS="940" VPOS="2533" WIDTH="256" HEIGHT="70" STYLEREFS="StyleId-0" CONTENT="Lovella" WC="0.9342857" CC="0400000" />
            <SP ID="P63_SP00230" WIDTH="0" HPOS="0" VPOS="0" />
            <String ID="P63_S00255" HPOS="1257" VPOS="2533" WIDTH="166" HEIGHT="72" STYLEREFS="StyleId-0" CONTENT="Kerr," WC="0.982" CC="00000" />
            <SP ID="P63_SP00231" WIDTH="0" HPOS="0" VPOS="0" />
            <String ID="P63_S00256" HPOS="1492" VPOS="2536" WIDTH="144" HEIGHT="70" STYLEREFS="StyleId-0" CONTENT="161," WC="1" CC="0000" />
            <SP ID="P63_SP00232" WIDTH="0" HPOS="0" VPOS="0" />
            <String ID="P63_S00257" HPOS="1696" VPOS="2538" WIDTH="151" HEIGHT="69" STYLEREFS="StyleId-0" CONTENT="418," WC="0.8975" CC="0004" />
            <SP ID="P63_SP00233" WIDTH="0" HPOS="0" VPOS="0" />
            <String ID="P63_S00258" HPOS="1908" VPOS="2538" WIDTH="153" HEIGHT="69" STYLEREFS="StyleId-0" CONTENT="410;" WC="0.9625" CC="0100" />
            <SP ID="P63_SP00234" WIDTH="0" HPOS="0" VPOS="0" />
            <String ID="P63_S00259" HPOS="2121" VPOS="2536" WIDTH="208" HEIGHT="70" STYLEREFS="StyleId-0" CONTENT="Curtis" WC="0.9316667" CC="000400" />
            <SP ID="P63_SP00235" WIDTH="0" HPOS="0" VPOS="0" />
            <String ID="P63_S00260" HPOS="2389" VPOS="2536" WIDTH="382" HEIGHT="70" STYLEREFS="StyleId-0" CONTENT="McLendon," WC="0.978888869" CC="000000100" />
            <SP ID="P63_SP00236" WIDTH="0" HPOS="0" VPOS="0" />
            <String ID="P63_S00261" HPOS="2827" VPOS="2538" WIDTH="127" HEIGHT="69" STYLEREFS="StyleId-0" CONTENT="270," WC="0.7875" CC="1033" />
          </TextLine>
          <TextLine ID="P63_TL00026" HPOS="177" VPOS="2631" WIDTH="2773" HEIGHT="75">
            <String ID="P63_S00262" HPOS="177" VPOS="2631" WIDTH="157" HEIGHT="70" STYLEREFS="StyleId-0" CONTENT="489;" WC="1" CC="0000" />
            <SP ID="P63_SP00237" WIDTH="0" HPOS="0" VPOS="0" />
            <String ID="P63_S00263" HPOS="465" VPOS="2631" WIDTH="286" HEIGHT="70" STYLEREFS="StyleId-0" CONTENT="Herman" WC="0.99" CC="000000" />
            <SP ID="P63_SP00238" WIDTH="0" HPOS="0" VPOS="0" />
            <String ID="P63_S00264" HPOS="820" VPOS="2632" WIDTH="228" HEIGHT="70" STYLEREFS="StyleId-0" CONTENT="Smith," WC="0.8983333" CC="000302" />
            <SP ID="P63_SP00239" WIDTH="0" HPOS="0" VPOS="0" />
            <String ID="P63_S00265" HPOS="1119" VPOS="2635" WIDTH="153" HEIGHT="69" STYLEREFS="StyleId-0" CONTENT="333," WC="1" CC="0000" />
            <SP ID="P63_SP00240" WIDTH="0" HPOS="0" VPOS="0" />
            <String ID="P63_S00266" HPOS="1341" VPOS="2635" WIDTH="153" HEIGHT="69" STYLEREFS="StyleId-0" CONTENT="332," WC="0.925" CC="0003" />
            <SP ID="P63_SP00241" WIDTH="0" HPOS="0" VPOS="0" />
            <String ID="P63_S00267" HPOS="1561" VPOS="2635" WIDTH="157" HEIGHT="69" STYLEREFS="StyleId-0" CONTENT="360;" WC="0.9425" CC="0001" />
            <SP ID="P63_SP00242" WIDTH="0" HPOS="0" VPOS="0" />
            <String ID="P63_S00268" HPOS="1788" VPOS="2635" WIDTH="292" HEIGHT="69" STYLEREFS="StyleId-0" CONTENT="Leonard" WC="0.9785714" CC="0100000" />
            <SP ID="P63_SP00243" WIDTH="0" HPOS="0" VPOS="0" />
            <String ID="P63_S00269" HPOS="2151" VPOS="2635" WIDTH="169" HEIGHT="70" STYLEREFS="StyleId-0" CONTENT="Kerr," WC="0.998" CC="00000" />
            <SP ID="P63_SP00244" WIDTH="0" HPOS="0" VPOS="0" />
            <String ID="P63_S00270" HPOS="2388" VPOS="2637" WIDTH="150" HEIGHT="69" STYLEREFS="StyleId-0" CONTENT="375," WC="1" CC="0000" />
            <SP ID="P63_SP00245" WIDTH="0" HPOS="0" VPOS="0" />
            <String ID="P63_S00271" HPOS="2605" VPOS="2638" WIDTH="148" HEIGHT="67" STYLEREFS="StyleId-0" CONTENT="454," WC="0.99" CC="0000" />
            <SP ID="P63_SP00246" WIDTH="0" HPOS="0" VPOS="0" />
            <String ID="P63_S00272" HPOS="2818" VPOS="2637" WIDTH="132" HEIGHT="69" STYLEREFS="StyleId-0" CONTENT="455;" WC="1" CC="0000" />
          </TextLine>
          <TextLine ID="P63_TL00027" HPOS="178" VPOS="2728" WIDTH="2772" HEIGHT="81">
            <String ID="P63_S00273" HPOS="178" VPOS="2728" WIDTH="276" HEIGHT="60" STYLEREFS="StyleId-0" CONTENT="Shelton" WC="0.8642857" CC="1000430" />
            <SP ID="P63_SP00247" WIDTH="0" HPOS="0" VPOS="0" />
            <String ID="P63_S00274" HPOS="519" VPOS="2730" WIDTH="420" HEIGHT="70" STYLEREFS="StyleId-0" CONTENT="Williamson," WC="0.9809091" CC="00000000002" />
            <SP ID="P63_SP00248" WIDTH="0" HPOS="0" VPOS="0" />
            <String ID="P63_S00275" HPOS="1009" VPOS="2733" WIDTH="144" HEIGHT="67" STYLEREFS="StyleId-0" CONTENT="145," WC="0.9325" CC="0002" />
            <SP ID="P63_SP00249" WIDTH="0" HPOS="0" VPOS="0" />
            <String ID="P63_S00276" HPOS="1219" VPOS="2734" WIDTH="150" HEIGHT="67" STYLEREFS="StyleId-0" CONTENT="358," WC="1" CC="0000" />
            <SP ID="P63_SP00250" WIDTH="0" HPOS="0" VPOS="0" />
            <String ID="P63_S00277" HPOS="1434" VPOS="2734" WIDTH="156" HEIGHT="67" STYLEREFS="StyleId-0" CONTENT="269;" WC="0.885" CC="0004" />
            <SP ID="P63_SP00251" WIDTH="0" HPOS="0" VPOS="0" />
            <String ID="P63_S00278" HPOS="1651" VPOS="2733" WIDTH="271" HEIGHT="69" STYLEREFS="StyleId-0" CONTENT="Shelbie" WC="0.947142839" CC="0000030" />
            <SP ID="P63_SP00252" WIDTH="0" HPOS="0" VPOS="0" />
            <String ID="P63_S00279" HPOS="1983" VPOS="2733" WIDTH="367" HEIGHT="76" STYLEREFS="StyleId-0" CONTENT="Sheppard," WC="0.973333359" CC="000002000" />
            <SP ID="P63_SP00253" WIDTH="0" HPOS="0" VPOS="0" />
            <String ID="P63_S00280" HPOS="2421" VPOS="2736" WIDTH="121" HEIGHT="73" STYLEREFS="StyleId-0" CONTENT="149" WC="1" CC="000" />
            <SP ID="P63_SP00254" WIDTH="0" HPOS="0" VPOS="0" />
            <String ID="P63_S00281" HPOS="2601" VPOS="2734" WIDTH="94" HEIGHT="75" STYLEREFS="StyleId-0" CONTENT="for" WC="0.966666639" CC="010" />
            <SP ID="P63_SP00255" WIDTH="0" HPOS="0" VPOS="0" />
            <String ID="P63_S00282" HPOS="2748" VPOS="2733" WIDTH="202" HEIGHT="76" STYLEREFS="StyleId-0" CONTENT="Jessie" WC="0.9316667" CC="000040" />
          </TextLine>
          <TextLine ID="P63_TL00028" HPOS="178" VPOS="2826" WIDTH="2769" HEIGHT="81">
            <String ID="P63_S00283" HPOS="178" VPOS="2826" WIDTH="336" HEIGHT="61" STYLEREFS="StyleId-0" CONTENT="Chandler." WC="1" CC="000000000" />
            <SP ID="P63_SP00256" WIDTH="0" HPOS="0" VPOS="0" />
            <String ID="P63_S00284" HPOS="556" VPOS="2827" WIDTH="171" HEIGHT="60" STYLEREFS="StyleId-0" CONTENT="Cecil" WC="1" CC="00000" />
            <SP ID="P63_SP00257" WIDTH="0" HPOS="0" VPOS="0" />
            <String ID="P63_S00285" HPOS="768" VPOS="2827" WIDTH="298" HEIGHT="60" STYLEREFS="StyleId-0" CONTENT="Edwards" WC="1" CC="0000000" />
            <SP ID="P63_SP00258" WIDTH="0" HPOS="0" VPOS="0" />
            <String ID="P63_S00286" HPOS="1135" VPOS="2829" WIDTH="123" HEIGHT="58" STYLEREFS="StyleId-0" CONTENT="and" WC="1" CC="000" />
            <SP ID="P63_SP00259" WIDTH="0" HPOS="0" VPOS="0" />
            <String ID="P63_S00287" HPOS="1291" VPOS="2829" WIDTH="130" HEIGHT="58" STYLEREFS="StyleId-0" CONTENT="Jeff" WC="1" CC="0000" />
            <SP ID="P63_SP00260" WIDTH="0" HPOS="0" VPOS="0" />
            <String ID="P63_S00288" HPOS="1455" VPOS="2829" WIDTH="333" HEIGHT="76" STYLEREFS="StyleId-0" CONTENT="Sheppard" WC="0.97875" CC="00000100" />
            <SP ID="P63_SP00261" WIDTH="0" HPOS="0" VPOS="0" />
            <String ID="P63_S00289" HPOS="1827" VPOS="2830" WIDTH="97" HEIGHT="75" STYLEREFS="StyleId-0" CONTENT="led" WC="0.766666651" CC="240" />
            <SP ID="P63_SP00262" WIDTH="0" HPOS="0" VPOS="0" />
            <String ID="P63_S00290" HPOS="1960" VPOS="2832" WIDTH="84" HEIGHT="73" STYLEREFS="StyleId-0" CONTENT="46" WC="1" CC="00" />
            <SP ID="P63_SP00263" WIDTH="0" HPOS="0" VPOS="0" />
            <String ID="P63_S00291" HPOS="2079" VPOS="2847" WIDTH="79" HEIGHT="58" STYLEREFS="StyleId-0" CONTENT="as" WC="1" CC="00" />
            <SP ID="P63_SP00264" WIDTH="0" HPOS="0" VPOS="0" />
            <String ID="P63_S00292" HPOS="2191" VPOS="2830" WIDTH="106" HEIGHT="75" STYLEREFS="StyleId-0" CONTENT="the" WC="0.89" CC="300" />
            <SP ID="P63_SP00265" WIDTH="0" HPOS="0" VPOS="0" />
            <String ID="P63_S00293" HPOS="2331" VPOS="2830" WIDTH="235" HEIGHT="76" STYLEREFS="StyleId-0" CONTENT="closing" WC="0.915714264" CC="0140000" />
            <SP ID="P63_SP00266" WIDTH="0" HPOS="0" VPOS="0" />
            <String ID="P63_S00294" HPOS="2602" VPOS="2847" WIDTH="177" HEIGHT="60" STYLEREFS="StyleId-0" CONTENT="song." WC="1" CC="00000" />
            <SP ID="P63_SP00267" WIDTH="0" HPOS="0" VPOS="0" />
            <String ID="P63_S00295" HPOS="2818" VPOS="2830" WIDTH="129" HEIGHT="76" STYLEREFS="StyleId-0" CONTENT="Rev." WC="0.9825" CC="0000" />
          </TextLine>
          <TextLine ID="P63_TL00029" HPOS="180" VPOS="2925" WIDTH="1768" HEIGHT="78">
            <String ID="P63_S00296" HPOS="180" VPOS="2925" WIDTH="244" HEIGHT="76" STYLEREFS="StyleId-0" CONTENT="Forney" WC="0.91" CC="030020" />
            <SP ID="P63_SP00268" WIDTH="0" HPOS="0" VPOS="0" />
            <String ID="P63_S00297" HPOS="468" VPOS="2926" WIDTH="250" HEIGHT="75" STYLEREFS="StyleId-0" CONTENT="Walker" WC="1" CC="000000" />
            <SP ID="P63_SP00269" WIDTH="0" HPOS="0" VPOS="0" />
            <String ID="P63_S00298" HPOS="757" VPOS="2926" WIDTH="351" HEIGHT="75" STYLEREFS="StyleId-0" CONTENT="dismissed" WC="0.99222225" CC="000000000" />
            <SP ID="P63_SP00270" WIDTH="0" HPOS="0" VPOS="0" />
            <String ID="P63_S00299" HPOS="1153" VPOS="2926" WIDTH="106" HEIGHT="75" STYLEREFS="StyleId-0" CONTENT="the" WC="0.8566667" CC="400" />
            <SP ID="P63_SP00271" WIDTH="0" HPOS="0" VPOS="0" />
            <String ID="P63_S00300" HPOS="1303" VPOS="2926" WIDTH="177" HEIGHT="75" STYLEREFS="StyleId-0" CONTENT="class" WC="1" CC="00000" />
            <SP ID="P63_SP00272" WIDTH="0" HPOS="0" VPOS="0" />
            <String ID="P63_S00301" HPOS="1522" VPOS="2926" WIDTH="138" HEIGHT="75" STYLEREFS="StyleId-0" CONTENT="with" WC="1" CC="0000" />
            <SP ID="P63_SP00273" WIDTH="0" HPOS="0" VPOS="0" />
            <String ID="P63_S00302" HPOS="1707" VPOS="2943" WIDTH="241" HEIGHT="60" STYLEREFS="StyleId-0" CONTENT="prayer." WC="1" CC="0000000" />
          </TextLine>
          <TextLine ID="P63_TL00030" HPOS="177" VPOS="3024" WIDTH="2776" HEIGHT="78">
            <String ID="P63_S00303" HPOS="177" VPOS="3024" WIDTH="369" HEIGHT="70" STYLEREFS="StyleId-0" CONTENT="Chairman," WC="0.9488889" CC="103000000" />
            <SP ID="P63_SP00274" WIDTH="0" HPOS="0" VPOS="0" />
            <String ID="P63_S00304" HPOS="598" VPOS="3025" WIDTH="174" HEIGHT="69" STYLEREFS="StyleId-0" CONTENT="Cecil" WC="1" CC="00000" />
            <SP ID="P63_SP00275" WIDTH="0" HPOS="0" VPOS="0" />
            <String ID="P63_S00305" HPOS="828" VPOS="3024" WIDTH="325" HEIGHT="70" STYLEREFS="StyleId-0" CONTENT="Edwards;" WC="0.9775" CC="00000001" />
            <SP ID="P63_SP00276" WIDTH="0" HPOS="0" VPOS="0" />
            <String ID="P63_S00306" HPOS="1204" VPOS="3024" WIDTH="151" HEIGHT="70" STYLEREFS="StyleId-0" CONTENT="Vice" WC="0.98" CC="0000" />
            <SP ID="P63_SP00277" WIDTH="0" HPOS="0" VPOS="0" />
            <String ID="P63_S00307" HPOS="1404" VPOS="3024" WIDTH="361" HEIGHT="70" STYLEREFS="StyleId-0" CONTENT="Chairman," WC="0.984444439" CC="000000000" />
            <SP ID="P63_SP00278" WIDTH="0" HPOS="0" VPOS="0" />
            <String ID="P63_S00308" HPOS="1816" VPOS="3025" WIDTH="135" HEIGHT="69" STYLEREFS="StyleId-0" CONTENT="Jeff" WC="0.885" CC="0003" />
            <SP ID="P63_SP00279" WIDTH="0" HPOS="0" VPOS="0" />
            <String ID="P63_S00309" HPOS="1995" VPOS="3027" WIDTH="367" HEIGHT="75" STYLEREFS="StyleId-0" CONTENT="Sheppard;" WC="1" CC="000000000" />
            <SP ID="P63_SP00280" WIDTH="0" HPOS="0" VPOS="0" />
            <String ID="P63_S00310" HPOS="2412" VPOS="3027" WIDTH="349" HEIGHT="75" STYLEREFS="StyleId-0" CONTENT="Secretary," WC="0.95" CC="0000020002" />
            <SP ID="P63_SP00281" WIDTH="0" HPOS="0" VPOS="0" />
            <String ID="P63_S00311" HPOS="2809" VPOS="3024" WIDTH="144" HEIGHT="78" STYLEREFS="StyleId-0" CONTENT="Alice" WC="1" CC="00000" />
          </TextLine>
          <TextLine ID="P63_TL00031" HPOS="178" VPOS="3123" WIDTH="333" HEIGHT="60">
            <String ID="P63_S00312" HPOS="178" VPOS="3123" WIDTH="333" HEIGHT="60" STYLEREFS="StyleId-0" CONTENT="Edwards." WC="0.96" CC="00000003" />
          </TextLine>
          <TextLine ID="P63_TL00032" HPOS="435" VPOS="3223" WIDTH="2286" HEIGHT="84">
            <String ID="P63_S00313" HPOS="435" VPOS="3225" WIDTH="202" HEIGHT="81" STYLEREFS="StyleId-1" CONTENT="OLD" WC="1" CC="000" />
            <SP ID="P63_SP00282" WIDTH="0" HPOS="0" VPOS="0" />
            <String ID="P63_S00314" HPOS="676" VPOS="3223" WIDTH="622" HEIGHT="82" STYLEREFS="StyleId-1" CONTENT="FLATWOODS" WC="0.99777776" CC="000000000" />
            <SP ID="P63_SP00283" WIDTH="0" HPOS="0" VPOS="0" />
            <String ID="P63_S00315" HPOS="1335" VPOS="3225" WIDTH="490" HEIGHT="81" STYLEREFS="StyleId-1" CONTENT="PRIMITIVE" WC="0.882222235" CC="000040500" />
            <SP ID="P63_SP00284" WIDTH="0" HPOS="0" VPOS="0" />
            <String ID="P63_S00316" HPOS="1860" VPOS="3226" WIDTH="411" HEIGHT="81" STYLEREFS="StyleId-1" CONTENT="BAPTIST" WC="0.9942857" CC="0000000" />
            <SP ID="P63_SP00285" WIDTH="0" HPOS="0" VPOS="0" />
            <String ID="P63_S00317" HPOS="2302" VPOS="3226" WIDTH="418" HEIGHT="81" STYLEREFS="StyleId-1" CONTENT="CHURCH" WC="0.863333344" CC="130030" />
          </TextLine>
          <TextLine ID="P63_TL00033" HPOS="1279" VPOS="3348" WIDTH="607" HEIGHT="70">
            <String ID="P63_S00318" HPOS="1279" VPOS="3348" WIDTH="276" HEIGHT="70" STYLEREFS="StyleId-0" CONTENT="Nauvoo," WC="0.964285731" CC="0000200" />
            <SP ID="P63_SP00286" WIDTH="0" HPOS="0" VPOS="0" />
            <String ID="P63_S00319" HPOS="1582" VPOS="3349" WIDTH="304" HEIGHT="69" STYLEREFS="StyleId-0" CONTENT="Alabama" WC="0.987142861" CC="0000000" />
          </TextLine>
          <TextLine ID="P63_TL00034" HPOS="1351" VPOS="3448" WIDTH="460" HEIGHT="75">
            <String ID="P63_S00320" HPOS="1351" VPOS="3448" WIDTH="138" HEIGHT="75" STYLEREFS="StyleId-0" CONTENT="May" WC="0.9166667" CC="020" />
            <SP ID="P63_SP00287" WIDTH="0" HPOS="0" VPOS="0" />
            <String ID="P63_S00321" HPOS="1519" VPOS="3450" WIDTH="94" HEIGHT="73" STYLEREFS="StyleId-0" CONTENT="14," WC="0.8933333" CC="003" />
            <SP ID="P63_SP00288" WIDTH="0" HPOS="0" VPOS="0" />
            <String ID="P63_S00322" HPOS="1650" VPOS="3451" WIDTH="162" HEIGHT="72" STYLEREFS="StyleId-0" CONTENT="1989" WC="1" CC="0000" />
          </TextLine>
          <TextLine ID="P63_TL00035" HPOS="322" VPOS="3544" WIDTH="2631" HEIGHT="79">
            <String ID="P63_S00323" HPOS="322" VPOS="3550" WIDTH="132" HEIGHT="60" STYLEREFS="StyleId-0" CONTENT="The" WC="1" CC="000" />
            <SP ID="P63_SP00289" WIDTH="0" HPOS="0" VPOS="0" />
            <String ID="P63_S00324" HPOS="490" VPOS="3549" WIDTH="229" HEIGHT="61" STYLEREFS="StyleId-0" CONTENT="annual" WC="1" CC="000000" />
            <SP ID="P63_SP00290" WIDTH="0" HPOS="0" VPOS="0" />
            <String ID="P63_S00325" HPOS="756" VPOS="3547" WIDTH="243" HEIGHT="63" STYLEREFS="StyleId-0" CONTENT="Sacred" WC="1" CC="000000" />
            <SP ID="P63_SP00291" WIDTH="0" HPOS="0" VPOS="0" />
            <String ID="P63_S00326" HPOS="1036" VPOS="3547" WIDTH="163" HEIGHT="76" STYLEREFS="StyleId-0" CONTENT="Harp" WC="0.965" CC="1000" />
            <SP ID="P63_SP00292" WIDTH="0" HPOS="0" VPOS="0" />
            <String ID="P63_S00327" HPOS="1233" VPOS="3546" WIDTH="255" HEIGHT="78" STYLEREFS="StyleId-0" CONTENT="Singing" WC="1" CC="0000000" />
            <SP ID="P63_SP00293" WIDTH="0" HPOS="0" VPOS="0" />
            <String ID="P63_S00328" HPOS="1527" VPOS="3547" WIDTH="139" HEIGHT="76" STYLEREFS="StyleId-0" CONTENT="held" WC="1" CC="0000" />
            <SP ID="P63_SP00294" WIDTH="0" HPOS="0" VPOS="0" />
            <String ID="P63_S00329" HPOS="1702" VPOS="3553" WIDTH="63" HEIGHT="70" STYLEREFS="StyleId-0" CONTENT="at" WC="1" CC="00" />
            <SP ID="P63_SP00295" WIDTH="0" HPOS="0" VPOS="0" />
            <String ID="P63_S00330" HPOS="1797" VPOS="3549" WIDTH="117" HEIGHT="75" STYLEREFS="StyleId-0" CONTENT="Old" WC="1" CC="000" />
            <SP ID="P63_SP00296" WIDTH="0" HPOS="0" VPOS="0" />
            <String ID="P63_S00331" HPOS="1953" VPOS="3550" WIDTH="352" HEIGHT="73" STYLEREFS="StyleId-0" CONTENT="Flatwoods" WC="0.9311111" CC="000002300" />
            <SP ID="P63_SP00297" WIDTH="0" HPOS="0" VPOS="0" />
            <String ID="P63_S00332" HPOS="2341" VPOS="3552" WIDTH="244" HEIGHT="72" STYLEREFS="StyleId-0" CONTENT="Church" WC="1" CC="000000" />
            <SP ID="P63_SP00298" WIDTH="0" HPOS="0" VPOS="0" />
            <String ID="P63_S00333" HPOS="2619" VPOS="3565" WIDTH="130" HEIGHT="58" STYLEREFS="StyleId-0" CONTENT="was" WC="1" CC="000" />
            <SP ID="P63_SP00299" WIDTH="0" HPOS="0" VPOS="0" />
            <String ID="P63_S00334" HPOS="2781" VPOS="3544" WIDTH="172" HEIGHT="79" STYLEREFS="StyleId-0" CONTENT="called" WC="0.9033333" CC="000005" />
          </TextLine>
          <TextLine ID="P63_TL00036" HPOS="169" VPOS="3643" WIDTH="2778" HEIGHT="81">
            <String ID="P63_S00335" HPOS="169" VPOS="3655" WIDTH="66" HEIGHT="55" STYLEREFS="StyleId-0" CONTENT="to" WC="0.765" CC="22" />
            <SP ID="P63_SP00300" WIDTH="0" HPOS="0" VPOS="0" />
            <String ID="P63_S00336" HPOS="285" VPOS="3649" WIDTH="190" HEIGHT="61" STYLEREFS="StyleId-0" CONTENT="order" WC="0.896" CC="50000" />
            <SP ID="P63_SP00301" WIDTH="0" HPOS="0" VPOS="0" />
            <String ID="P63_S00337" HPOS="522" VPOS="3648" WIDTH="81" HEIGHT="75" STYLEREFS="StyleId-0" CONTENT="by" WC="0.755" CC="40" />
            <SP ID="P63_SP00302" WIDTH="0" HPOS="0" VPOS="0" />
            <String ID="P63_S00338" HPOS="651" VPOS="3646" WIDTH="129" HEIGHT="76" STYLEREFS="StyleId-0" CONTENT="Tim" WC="1" CC="000" />
            <SP ID="P63_SP00303" WIDTH="0" HPOS="0" VPOS="0" />
            <String ID="P63_S00339" HPOS="832" VPOS="3645" WIDTH="276" HEIGHT="78" STYLEREFS="StyleId-0" CONTENT="Gilmore" WC="0.9671429" CC="0000100" />
            <SP ID="P63_SP00304" WIDTH="0" HPOS="0" VPOS="0" />
            <String ID="P63_S00340" HPOS="1161" VPOS="3643" WIDTH="252" HEIGHT="79" STYLEREFS="StyleId-0" CONTENT="leading" WC="1" CC="0000000" />
            <SP ID="P63_SP00305" WIDTH="0" HPOS="0" VPOS="0" />
            <String ID="P63_S00341" HPOS="1462" VPOS="3660" WIDTH="168" HEIGHT="63" STYLEREFS="StyleId-0" CONTENT="song" WC="0.94" CC="0200" />
            <SP ID="P63_SP00306" WIDTH="0" HPOS="0" VPOS="0" />
            <String ID="P63_S00342" HPOS="1684" VPOS="3661" WIDTH="81" HEIGHT="61" STYLEREFS="StyleId-0" CONTENT="on" WC="0.96" CC="00" />
            <SP ID="P63_SP00307" WIDTH="0" HPOS="0" VPOS="0" />
            <String ID="P63_S00343" HPOS="1815" VPOS="3663" WIDTH="177" HEIGHT="61" STYLEREFS="StyleId-0" CONTENT="page" WC="0.9425" CC="0200" />
            <SP ID="P63_SP00308" WIDTH="0" HPOS="0" VPOS="0" />
            <String ID="P63_S00344" HPOS="2041" VPOS="3651" WIDTH="84" HEIGHT="73" STYLEREFS="StyleId-0" CONTENT="32" WC="1" CC="00" />
            <SP ID="P63_SP00309" WIDTH="0" HPOS="0" VPOS="0" />
            <String ID="P63_S00345" HPOS="2176" VPOS="3649" WIDTH="129" HEIGHT="75" STYLEREFS="StyleId-0" CONTENT="and" WC="1" CC="000" />
            <SP ID="P63_SP00310" WIDTH="0" HPOS="0" VPOS="0" />
            <String ID="P63_S00346" HPOS="2358" VPOS="3651" WIDTH="102" HEIGHT="73" STYLEREFS="StyleId-0" CONTENT="72." WC="1" CC="000" />
            <SP ID="P63_SP00311" WIDTH="0" HPOS="0" VPOS="0" />
            <String ID="P63_S00347" HPOS="2512" VPOS="3649" WIDTH="133" HEIGHT="75" STYLEREFS="StyleId-0" CONTENT="The" WC="1" CC="000" />
            <SP ID="P63_SP00312" WIDTH="0" HPOS="0" VPOS="0" />
            <String ID="P63_S00348" HPOS="2697" VPOS="3645" WIDTH="250" HEIGHT="79" STYLEREFS="StyleId-0" CONTENT="morning" WC="0.8857143" CC="0600001" />
          </TextLine>
          <TextLine ID="P63_TL00037" HPOS="172" VPOS="3742" WIDTH="2776" HEIGHT="84">
            <String ID="P63_S00349" HPOS="172" VPOS="3763" WIDTH="226" HEIGHT="63" STYLEREFS="StyleId-0" CONTENT="prayer" WC="0.9716667" CC="001000" />
            <SP ID="P63_SP00313" WIDTH="0" HPOS="0" VPOS="0" />
            <String ID="P63_S00350" HPOS="438" VPOS="3762" WIDTH="139" HEIGHT="64" STYLEREFS="StyleId-0" CONTENT="was" WC="1" CC="000" />
            <SP ID="P63_SP00314" WIDTH="0" HPOS="0" VPOS="0" />
            <String ID="P63_S00351" HPOS="622" VPOS="3745" WIDTH="99" HEIGHT="81" STYLEREFS="StyleId-0" CONTENT="led" WC="1" CC="000" />
            <SP ID="P63_SP00315" WIDTH="0" HPOS="0" VPOS="0" />
            <String ID="P63_S00352" HPOS="766" VPOS="3745" WIDTH="81" HEIGHT="81" STYLEREFS="StyleId-0" CONTENT="by" WC="1" CC="00" />
            <SP ID="P63_SP00316" WIDTH="0" HPOS="0" VPOS="0" />
            <String ID="P63_S00353" HPOS="891" VPOS="3744" WIDTH="96" HEIGHT="82" STYLEREFS="StyleId-0" CONTENT="Dr." WC="1" CC="000" />
            <SP ID="P63_SP00317" WIDTH="0" HPOS="0" VPOS="0" />
            <String ID="P63_S00354" HPOS="1038" VPOS="3742" WIDTH="195" HEIGHT="84" STYLEREFS="StyleId-0" CONTENT="Doyle" WC="1" CC="00000" />
            <SP ID="P63_SP00318" WIDTH="0" HPOS="0" VPOS="0" />
            <String ID="P63_S00355" HPOS="1276" VPOS="3742" WIDTH="312" HEIGHT="84" STYLEREFS="StyleId-0" CONTENT="Williams." WC="0.9222222" CC="002000004" />
            <SP ID="P63_SP00319" WIDTH="0" HPOS="0" VPOS="0" />
            <String ID="P63_S00356" HPOS="1635" VPOS="3742" WIDTH="127" HEIGHT="84" STYLEREFS="StyleId-0" CONTENT="Tim" WC="1" CC="000" />
            <SP ID="P63_SP00320" WIDTH="0" HPOS="0" VPOS="0" />
            <String ID="P63_S00357" HPOS="1809" VPOS="3745" WIDTH="276" HEIGHT="81" STYLEREFS="StyleId-0" CONTENT="Gilmore" WC="0.981428564" CC="0000100" />
            <SP ID="P63_SP00321" WIDTH="0" HPOS="0" VPOS="0" />
            <String ID="P63_S00358" HPOS="2128" VPOS="3748" WIDTH="151" HEIGHT="78" STYLEREFS="StyleId-0" CONTENT="then" WC="1" CC="0000" />
            <SP ID="P63_SP00322" WIDTH="0" HPOS="0" VPOS="0" />
            <String ID="P63_S00359" HPOS="2328" VPOS="3748" WIDTH="99" HEIGHT="78" STYLEREFS="StyleId-0" CONTENT="led" WC="0.99666667" CC="000" />
            <SP ID="P63_SP00323" WIDTH="0" HPOS="0" VPOS="0" />
            <String ID="P63_S00360" HPOS="2470" VPOS="3765" WIDTH="166" HEIGHT="61" STYLEREFS="StyleId-0" CONTENT="song" WC="0.975" CC="0100" />
            <SP ID="P63_SP00324" WIDTH="0" HPOS="0" VPOS="0" />
            <String ID="P63_S00361" HPOS="2680" VPOS="3763" WIDTH="79" HEIGHT="63" STYLEREFS="StyleId-0" CONTENT="on" WC="0.995" CC="00" />
            <SP ID="P63_SP00325" WIDTH="0" HPOS="0" VPOS="0" />
            <String ID="P63_S00362" HPOS="2803" VPOS="3757" WIDTH="145" HEIGHT="69" STYLEREFS="StyleId-0" CONTENT="page" WC="0.8975" CC="0220" />
          </TextLine>
          <TextLine ID="P63_TL00038" HPOS="169" VPOS="3840" WIDTH="2785" HEIGHT="82">
            <String ID="P63_S00363" HPOS="169" VPOS="3849" WIDTH="148" HEIGHT="58" STYLEREFS="StyleId-0" CONTENT="460." WC="0.8825" CC="0040" />
            <SP ID="P63_SP00326" WIDTH="0" HPOS="0" VPOS="0" />
            <String ID="P63_S00364" HPOS="367" VPOS="3846" WIDTH="135" HEIGHT="61" STYLEREFS="StyleId-0" CONTENT="The" WC="1" CC="000" />
            <SP ID="P63_SP00327" WIDTH="0" HPOS="0" VPOS="0" />
            <String ID="P63_S00365" HPOS="547" VPOS="3844" WIDTH="181" HEIGHT="63" STYLEREFS="StyleId-0" CONTENT="class" WC="0.928" CC="21000" />
            <SP ID="P63_SP00328" WIDTH="0" HPOS="0" VPOS="0" />
            <String ID="P63_S00366" HPOS="774" VPOS="3841" WIDTH="346" HEIGHT="78" STYLEREFS="StyleId-0" CONTENT="organized" WC="0.9855555" CC="000001000" />
            <SP ID="P63_SP00329" WIDTH="0" HPOS="0" VPOS="0" />
            <String ID="P63_S00367" HPOS="1168" VPOS="3841" WIDTH="78" HEIGHT="78" STYLEREFS="StyleId-0" CONTENT="by" WC="1" CC="00" />
            <SP ID="P63_SP00330" WIDTH="0" HPOS="0" VPOS="0" />
            <String ID="P63_S00368" HPOS="1290" VPOS="3840" WIDTH="273" HEIGHT="79" STYLEREFS="StyleId-0" CONTENT="electing" WC="0.93625" CC="10001200" />
            <SP ID="P63_SP00331" WIDTH="0" HPOS="0" VPOS="0" />
            <String ID="P63_S00369" HPOS="1611" VPOS="3841" WIDTH="106" HEIGHT="78" STYLEREFS="StyleId-0" CONTENT="the" WC="1" CC="000" />
            <SP ID="P63_SP00332" WIDTH="0" HPOS="0" VPOS="0" />
            <String ID="P63_S00370" HPOS="1762" VPOS="3843" WIDTH="310" HEIGHT="79" STYLEREFS="StyleId-0" CONTENT="following" WC="0.915555537" CC="030030000" />
            <SP ID="P63_SP00333" WIDTH="0" HPOS="0" VPOS="0" />
            <String ID="P63_S00371" HPOS="2122" VPOS="3846" WIDTH="280" HEIGHT="76" STYLEREFS="StyleId-0" CONTENT="officers:" WC="0.91" CC="106000000" />
            <SP ID="P63_SP00334" WIDTH="0" HPOS="0" VPOS="0" />
            <String ID="P63_S00372" HPOS="2451" VPOS="3847" WIDTH="352" HEIGHT="75" STYLEREFS="StyleId-0" CONTENT="Chairman," WC="0.8877778" CC="050000102" />
            <SP ID="P63_SP00335" WIDTH="0" HPOS="0" VPOS="0" />
            <String ID="P63_S00373" HPOS="2847" VPOS="3841" WIDTH="108" HEIGHT="81" STYLEREFS="StyleId-0" CONTENT="Tim" WC="0.99" CC="000" />
          </TextLine>
          <TextLine ID="P63_TL00039" HPOS="171" VPOS="3939" WIDTH="2778" HEIGHT="82">
            <String ID="P63_S00374" HPOS="171" VPOS="3946" WIDTH="309" HEIGHT="69" STYLEREFS="StyleId-0" CONTENT="Gilmore;" WC="0.95625" CC="00003000" />
            <SP ID="P63_SP00336" WIDTH="0" HPOS="0" VPOS="0" />
            <String ID="P63_S00375" HPOS="547" VPOS="3942" WIDTH="156" HEIGHT="73" STYLEREFS="StyleId-0" CONTENT="Vice" WC="1" CC="0000" />
            <SP ID="P63_SP00337" WIDTH="0" HPOS="0" VPOS="0" />
            <String ID="P63_S00376" HPOS="769" VPOS="3940" WIDTH="373" HEIGHT="75" STYLEREFS="StyleId-0" CONTENT="Chairman," WC="0.9988889" CC="000000000" />
            <SP ID="P63_SP00338" WIDTH="0" HPOS="0" VPOS="0" />
            <String ID="P63_S00377" HPOS="1215" VPOS="3939" WIDTH="187" HEIGHT="76" STYLEREFS="StyleId-0" CONTENT="Elder" WC="1" CC="00000" />
            <SP ID="P63_SP00339" WIDTH="0" HPOS="0" VPOS="0" />
            <String ID="P63_S00378" HPOS="1465" VPOS="3939" WIDTH="306" HEIGHT="78" STYLEREFS="StyleId-0" CONTENT="Garnsey" WC="1" CC="0000000" />
            <SP ID="P63_SP00340" WIDTH="0" HPOS="0" VPOS="0" />
            <String ID="P63_S00379" HPOS="1840" VPOS="3942" WIDTH="372" HEIGHT="79" STYLEREFS="StyleId-0" CONTENT="McGough;" WC="0.91" CC="00030003" />
            <SP ID="P63_SP00341" WIDTH="0" HPOS="0" VPOS="0" />
            <String ID="P63_S00380" HPOS="2281" VPOS="3946" WIDTH="373" HEIGHT="75" STYLEREFS="StyleId-0" CONTENT="Secretary," WC="0.929" CC="0000040003" />
            <SP ID="P63_SP00342" WIDTH="0" HPOS="0" VPOS="0" />
            <String ID="P63_S00381" HPOS="2719" VPOS="3940" WIDTH="229" HEIGHT="81" STYLEREFS="StyleId-0" CONTENT="Jimmie" WC="0.8283333" CC="000630" />
          </TextLine>
          <TextLine ID="P63_TL00040" HPOS="169" VPOS="4038" WIDTH="2784" HEIGHT="79">
            <String ID="P63_S00382" HPOS="169" VPOS="4045" WIDTH="301" HEIGHT="69" STYLEREFS="StyleId-0" CONTENT="Gilmore;" WC="0.95875" CC="00003000" />
            <SP ID="P63_SP00343" WIDTH="0" HPOS="0" VPOS="0" />
            <String ID="P63_S00383" HPOS="525" VPOS="4039" WIDTH="346" HEIGHT="78" STYLEREFS="StyleId-0" CONTENT="Arranging" WC="1" CC="000000000" />
            <SP ID="P63_SP00344" WIDTH="0" HPOS="0" VPOS="0" />
            <String ID="P63_S00384" HPOS="924" VPOS="4038" WIDTH="405" HEIGHT="79" STYLEREFS="StyleId-0" CONTENT="Committee," WC="0.805" CC="1400251004" />
            <SP ID="P63_SP00345" WIDTH="0" HPOS="0" VPOS="0" />
            <String ID="P63_S00385" HPOS="1383" VPOS="4038" WIDTH="219" HEIGHT="79" STYLEREFS="StyleId-0" CONTENT="Arthur" WC="0.891666651" CC="002030" />
            <SP ID="P63_SP00346" WIDTH="0" HPOS="0" VPOS="0" />
            <String ID="P63_S00386" HPOS="1651" VPOS="4038" WIDTH="298" HEIGHT="79" STYLEREFS="StyleId-0" CONTENT="Gilmore." WC="0.905" CC="00004003" />
            <SP ID="P63_SP00347" WIDTH="0" HPOS="0" VPOS="0" />
            <String ID="P63_S00387" HPOS="2055" VPOS="4042" WIDTH="310" HEIGHT="75" STYLEREFS="StyleId-0" CONTENT="Leaders:" WC="1" CC="00000000" />
            <SP ID="P63_SP00348" WIDTH="0" HPOS="0" VPOS="0" />
            <String ID="P63_S00388" HPOS="2416" VPOS="4045" WIDTH="222" HEIGHT="72" STYLEREFS="StyleId-0" CONTENT="Arthur" WC="0.87" CC="005020" />
            <SP ID="P63_SP00349" WIDTH="0" HPOS="0" VPOS="0" />
            <String ID="P63_S00389" HPOS="2686" VPOS="4044" WIDTH="267" HEIGHT="73" STYLEREFS="StyleId-0" CONTENT="Gilmore," WC="0.905" CC="00030004" />
          </TextLine>
          <TextLine ID="P63_TL00041" HPOS="168" VPOS="4135" WIDTH="2781" HEIGHT="85">
            <String ID="P63_S00390" HPOS="168" VPOS="4146" WIDTH="150" HEIGHT="69" STYLEREFS="StyleId-0" CONTENT="565," WC="0.8875" CC="0004" />
            <SP ID="P63_SP00350" WIDTH="0" HPOS="0" VPOS="0" />
            <String ID="P63_S00391" HPOS="370" VPOS="4143" WIDTH="235" HEIGHT="72" STYLEREFS="StyleId-0" CONTENT="&quot;Jesus" WC="1" CC="000000" />
            <SP ID="P63_SP00351" WIDTH="0" HPOS="0" VPOS="0" />
            <String ID="P63_S00392" HPOS="655" VPOS="4138" WIDTH="159" HEIGHT="76" STYLEREFS="StyleId-0" CONTENT="Died" WC="0.9775" CC="0000" />
            <SP ID="P63_SP00352" WIDTH="0" HPOS="0" VPOS="0" />
            <String ID="P63_S00393" HPOS="862" VPOS="4137" WIDTH="94" HEIGHT="78" STYLEREFS="StyleId-0" CONTENT="for" WC="0.8833333" CC="120" />
            <SP ID="P63_SP00353" WIDTH="0" HPOS="0" VPOS="0" />
            <String ID="P63_S00394" HPOS="1003" VPOS="4137" WIDTH="153" HEIGHT="78" STYLEREFS="StyleId-0" CONTENT="Me&quot;;" WC="0.79" CC="6020" />
            <SP ID="P63_SP00354" WIDTH="0" HPOS="0" VPOS="0" />
            <String ID="P63_S00395" HPOS="1210" VPOS="4135" WIDTH="96" HEIGHT="79" STYLEREFS="StyleId-0" CONTENT="Dr." WC="0.853333354" CC="004" />
            <SP ID="P63_SP00355" WIDTH="0" HPOS="0" VPOS="0" />
            <String ID="P63_S00396" HPOS="1360" VPOS="4135" WIDTH="196" HEIGHT="79" STYLEREFS="StyleId-0" CONTENT="Doyle" WC="1" CC="00000" />
            <SP ID="P63_SP00356" WIDTH="0" HPOS="0" VPOS="0" />
            <String ID="P63_S00397" HPOS="1605" VPOS="4135" WIDTH="318" HEIGHT="79" STYLEREFS="StyleId-0" CONTENT="Williams," WC="0.9444444" CC="000030001" />
            <SP ID="P63_SP00357" WIDTH="0" HPOS="0" VPOS="0" />
            <String ID="P63_S00398" HPOS="1975" VPOS="4141" WIDTH="153" HEIGHT="73" STYLEREFS="StyleId-0" CONTENT="336;" WC="0.935" CC="0002" />
            <SP ID="P63_SP00358" WIDTH="0" HPOS="0" VPOS="0" />
            <String ID="P63_S00399" HPOS="2181" VPOS="4141" WIDTH="213" HEIGHT="73" STYLEREFS="StyleId-0" CONTENT="Edwin" WC="1" CC="00000" />
            <SP ID="P63_SP00359" WIDTH="0" HPOS="0" VPOS="0" />
            <String ID="P63_S00400" HPOS="2446" VPOS="4144" WIDTH="327" HEIGHT="76" STYLEREFS="StyleId-0" CONTENT="Ballinger," WC="0.973" CC="0000000002" />
            <SP ID="P63_SP00360" WIDTH="0" HPOS="0" VPOS="0" />
            <String ID="P63_S00401" HPOS="2821" VPOS="4141" WIDTH="127" HEIGHT="79" STYLEREFS="StyleId-0" CONTENT="480," WC="0.7475" CC="0063" />
          </TextLine>
          <TextLine ID="P63_TL00042" HPOS="166" VPOS="4233" WIDTH="2782" HEIGHT="79">
            <String ID="P63_S00402" HPOS="166" VPOS="4245" WIDTH="151" HEIGHT="67" STYLEREFS="StyleId-0" CONTENT="399;" WC="1" CC="0000" />
            <SP ID="P63_SP00361" WIDTH="0" HPOS="0" VPOS="0" />
            <String ID="P63_S00403" HPOS="370" VPOS="4239" WIDTH="172" HEIGHT="73" STYLEREFS="StyleId-0" CONTENT="Cecil" WC="0.956" CC="00200" />
            <SP ID="P63_SP00362" WIDTH="0" HPOS="0" VPOS="0" />
            <String ID="P63_S00404" HPOS="594" VPOS="4236" WIDTH="312" HEIGHT="76" STYLEREFS="StyleId-0" CONTENT="Sanders," WC="0.95625" CC="00000003" />
            <SP ID="P63_SP00363" WIDTH="0" HPOS="0" VPOS="0" />
            <String ID="P63_S00405" HPOS="958" VPOS="4236" WIDTH="147" HEIGHT="76" STYLEREFS="StyleId-0" CONTENT="569," WC="0.9825" CC="0000" />
            <SP ID="P63_SP00364" WIDTH="0" HPOS="0" VPOS="0" />
            <String ID="P63_S00406" HPOS="1158" VPOS="4234" WIDTH="148" HEIGHT="78" STYLEREFS="StyleId-0" CONTENT="512;" WC="1" CC="0000" />
            <SP ID="P63_SP00365" WIDTH="0" HPOS="0" VPOS="0" />
            <String ID="P63_S00407" HPOS="1359" VPOS="4233" WIDTH="145" HEIGHT="79" STYLEREFS="StyleId-0" CONTENT="Lola" WC="0.9575" CC="0100" />
            <SP ID="P63_SP00366" WIDTH="0" HPOS="0" VPOS="0" />
            <String ID="P63_S00408" HPOS="1554" VPOS="4233" WIDTH="361" HEIGHT="79" STYLEREFS="StyleId-0" CONTENT="Roberson," WC="0.895555556" CC="000000403" />
            <SP ID="P63_SP00367" WIDTH="0" HPOS="0" VPOS="0" />
            <String ID="P63_S00409" HPOS="1972" VPOS="4240" WIDTH="144" HEIGHT="72" STYLEREFS="StyleId-0" CONTENT="182," WC="1" CC="0000" />
            <SP ID="P63_SP00368" WIDTH="0" HPOS="0" VPOS="0" />
            <String ID="P63_S00410" HPOS="2173" VPOS="4242" WIDTH="147" HEIGHT="70" STYLEREFS="StyleId-0" CONTENT="187;" WC="0.87" CC="1003" />
            <SP ID="P63_SP00369" WIDTH="0" HPOS="0" VPOS="0" />
            <String ID="P63_S00411" HPOS="2373" VPOS="4242" WIDTH="187" HEIGHT="70" STYLEREFS="StyleId-0" CONTENT="Ester" WC="0.856" CC="40200" />
            <SP ID="P63_SP00370" WIDTH="0" HPOS="0" VPOS="0" />
            <String ID="P63_S00412" HPOS="2604" VPOS="4242" WIDTH="169" HEIGHT="70" STYLEREFS="StyleId-0" CONTENT="Wall," WC="1" CC="00000" />
            <SP ID="P63_SP00371" WIDTH="0" HPOS="0" VPOS="0" />
            <String ID="P63_S00413" HPOS="2821" VPOS="4239" WIDTH="127" HEIGHT="73" STYLEREFS="StyleId-0" CONTENT="440," WC="0.7875" CC="0053" />
          </TextLine>
          <TextLine ID="P63_TL00043" HPOS="165" VPOS="4330" WIDTH="2784" HEIGHT="84">
            <String ID="P63_S00414" HPOS="165" VPOS="4342" WIDTH="153" HEIGHT="69" STYLEREFS="StyleId-0" CONTENT="286;" WC="0.965" CC="0001" />
            <SP ID="P63_SP00372" WIDTH="0" HPOS="0" VPOS="0" />
            <String ID="P63_S00415" HPOS="370" VPOS="4339" WIDTH="70" HEIGHT="72" STYLEREFS="StyleId-0" CONTENT="A." WC="1" CC="00" />
            <SP ID="P63_SP00373" WIDTH="0" HPOS="0" VPOS="0" />
            <String ID="P63_S00416" HPOS="496" VPOS="4336" WIDTH="67" HEIGHT="75" STYLEREFS="StyleId-0" CONTENT="A." WC="0.915" CC="01" />
            <SP ID="P63_SP00374" WIDTH="0" HPOS="0" VPOS="0" />
            <String ID="P63_S00417" HPOS="624" VPOS="4333" WIDTH="276" HEIGHT="78" STYLEREFS="StyleId-0" CONTENT="Malone," WC="0.9014286" CC="0000051" />
            <SP ID="P63_SP00375" WIDTH="0" HPOS="0" VPOS="0" />
            <String ID="P63_S00418" HPOS="963" VPOS="4333" WIDTH="142" HEIGHT="78" STYLEREFS="StyleId-0" CONTENT="120," WC="0.92" CC="0020" />
            <SP ID="P63_SP00376" WIDTH="0" HPOS="0" VPOS="0" />
            <String ID="P63_S00419" HPOS="1159" VPOS="4332" WIDTH="153" HEIGHT="79" STYLEREFS="StyleId-0" CONTENT="203;" WC="0.88" CC="0103" />
            <SP ID="P63_SP00377" WIDTH="0" HPOS="0" VPOS="0" />
            <String ID="P63_S00420" HPOS="1368" VPOS="4330" WIDTH="285" HEIGHT="81" STYLEREFS="StyleId-0" CONTENT="Pamela," WC="0.8814286" CC="0300210" />
            <SP ID="P63_SP00378" WIDTH="0" HPOS="0" VPOS="0" />
            <String ID="P63_S00421" HPOS="1707" VPOS="4330" WIDTH="261" HEIGHT="81" STYLEREFS="StyleId-0" CONTENT="Joshua" WC="1" CC="000000" />
            <SP ID="P63_SP00379" WIDTH="0" HPOS="0" VPOS="0" />
            <String ID="P63_S00422" HPOS="2020" VPOS="4336" WIDTH="127" HEIGHT="75" STYLEREFS="StyleId-0" CONTENT="and" WC="1" CC="000" />
            <SP ID="P63_SP00380" WIDTH="0" HPOS="0" VPOS="0" />
            <String ID="P63_S00423" HPOS="2200" VPOS="4338" WIDTH="244" HEIGHT="76" STYLEREFS="StyleId-0" CONTENT="Ashley" WC="0.9433333" CC="000300" />
            <SP ID="P63_SP00381" WIDTH="0" HPOS="0" VPOS="0" />
            <String ID="P63_S00424" HPOS="2500" VPOS="4341" WIDTH="267" HEIGHT="73" STYLEREFS="StyleId-0" CONTENT="Keeton," WC="0.878571451" CC="0004003" />
            <SP ID="P63_SP00382" WIDTH="0" HPOS="0" VPOS="0" />
            <String ID="P63_S00425" HPOS="2820" VPOS="4338" WIDTH="129" HEIGHT="76" STYLEREFS="StyleId-0" CONTENT="430," WC="0.81" CC="0033" />
          </TextLine>
          <TextLine ID="P63_TL00044" HPOS="165" VPOS="4429" WIDTH="1129" HEIGHT="81">
            <String ID="P63_S00426" HPOS="165" VPOS="4441" WIDTH="150" HEIGHT="67" STYLEREFS="StyleId-0" CONTENT="215;" WC="1" CC="0000" />
            <SP ID="P63_SP00383" WIDTH="0" HPOS="0" VPOS="0" />
            <String ID="P63_S00427" HPOS="367" VPOS="4437" WIDTH="219" HEIGHT="73" STYLEREFS="StyleId-0" CONTENT="Benny" WC="1" CC="00000" />
            <SP ID="P63_SP00384" WIDTH="0" HPOS="0" VPOS="0" />
            <String ID="P63_S00428" HPOS="636" VPOS="4432" WIDTH="265" HEIGHT="78" STYLEREFS="StyleId-0" CONTENT="Keeton," WC="0.757142842" CC="0052504" />
            <SP ID="P63_SP00385" WIDTH="0" HPOS="0" VPOS="0" />
            <String ID="P63_S00429" HPOS="949" VPOS="4431" WIDTH="148" HEIGHT="79" STYLEREFS="StyleId-0" CONTENT="343," WC="0.8875" CC="0004" />
            <SP ID="P63_SP00386" WIDTH="0" HPOS="0" VPOS="0" />
            <String ID="P63_S00430" HPOS="1146" VPOS="4429" WIDTH="148" HEIGHT="81" STYLEREFS="StyleId-0" CONTENT="345." WC="1" CC="0000" />
          </TextLine>
          <TextLine ID="P63_TL00045" HPOS="166" VPOS="4534" WIDTH="295" HEIGHT="66">
            <String ID="P63_S00431" HPOS="166" VPOS="4534" WIDTH="295" HEIGHT="66" STYLEREFS="StyleId-0" CONTENT="RECESS." WC="0.964285731" CC="0000100" />
          </TextLine>
          <TextLine ID="P63_TL00046" HPOS="306" VPOS="4623" WIDTH="2599" HEIGHT="93">
            <String ID="P63_S00432" HPOS="306" VPOS="4635" WIDTH="133" HEIGHT="61" STYLEREFS="StyleId-0" CONTENT="The" WC="1" CC="000" />
            <SP ID="P63_SP00387" WIDTH="0" HPOS="0" VPOS="0" />
            <String ID="P63_S00433" HPOS="471" VPOS="4633" WIDTH="177" HEIGHT="63" STYLEREFS="StyleId-0" CONTENT="class" WC="1" CC="00000" />
            <SP ID="P63_SP00388" WIDTH="0" HPOS="0" VPOS="0" />
            <String ID="P63_S00434" HPOS="678" VPOS="4645" WIDTH="138" HEIGHT="51" STYLEREFS="StyleId-0" CONTENT="was" WC="1" CC="000" />
            <SP ID="P63_SP00389" WIDTH="0" HPOS="0" VPOS="0" />
            <String ID="P63_S00435" HPOS="849" VPOS="4626" WIDTH="262" HEIGHT="78" STYLEREFS="StyleId-0" CONTENT="brought" WC="0.9657143" CC="0020000" />
            <SP ID="P63_SP00390" WIDTH="0" HPOS="0" VPOS="0" />
            <String ID="P63_S00436" HPOS="1141" VPOS="4630" WIDTH="63" HEIGHT="73" STYLEREFS="StyleId-0" CONTENT="to" WC="0.845" CC="03" />
            <SP ID="P63_SP00391" WIDTH="0" HPOS="0" VPOS="0" />
            <String ID="P63_S00437" HPOS="1237" VPOS="4623" WIDTH="181" HEIGHT="81" STYLEREFS="StyleId-0" CONTENT="order" WC="0.934" CC="30000" />
            <SP ID="P63_SP00392" WIDTH="0" HPOS="0" VPOS="0" />
            <String ID="P63_S00438" HPOS="1447" VPOS="4623" WIDTH="78" HEIGHT="81" STYLEREFS="StyleId-0" CONTENT="by" WC="1" CC="00" />
            <SP ID="P63_SP00393" WIDTH="0" HPOS="0" VPOS="0" />
            <String ID="P63_S00439" HPOS="1561" VPOS="4623" WIDTH="178" HEIGHT="81" STYLEREFS="StyleId-0" CONTENT="Elder" WC="0.99" CC="00000" />
            <SP ID="P63_SP00394" WIDTH="0" HPOS="0" VPOS="0" />
            <String ID="P63_S00440" HPOS="1771" VPOS="4626" WIDTH="292" HEIGHT="78" STYLEREFS="StyleId-0" CONTENT="Garnsey" WC="0.95714283" CC="3000000" />
            <SP ID="P63_SP00395" WIDTH="0" HPOS="0" VPOS="0" />
            <String ID="P63_S00441" HPOS="2100" VPOS="4629" WIDTH="334" HEIGHT="82" STYLEREFS="StyleId-0" CONTENT="McGough" WC="0.9671429" CC="0002000" />
            <SP ID="P63_SP00396" WIDTH="0" HPOS="0" VPOS="0" />
            <String ID="P63_S00442" HPOS="2472" VPOS="4635" WIDTH="249" HEIGHT="81" STYLEREFS="StyleId-0" CONTENT="leading" WC="0.9614286" CC="0020000" />
            <SP ID="P63_SP00397" WIDTH="0" HPOS="0" VPOS="0" />
            <String ID="P63_S00443" HPOS="2754" VPOS="4648" WIDTH="151" HEIGHT="67" STYLEREFS="StyleId-0" CONTENT="song" WC="0.96" CC="0100" />
          </TextLine>
          <TextLine ID="P63_TL00047" HPOS="1527" VPOS="4723" WIDTH="81" HEIGHT="58">
            <String ID="P63_S00444" HPOS="1527" VPOS="4723" WIDTH="81" HEIGHT="58" STYLEREFS="StyleId-2" CONTENT="62" WC="1" CC="00" />
          </TextLine>
        </TextBlock>
      </PrintSpace>
    </Page>
  </Layout>
</alto>