3150 4950
156 154 394 63 DISMISSED
571 156 156 61 FOR
748 156 267 61 LUNCH.

354 255 135 61 The
538 255 340 61 afternoon
927 258 270 60 session
1248 258 306 60 resumed
1599 256 141 61 with
1786 256 219 61 Travis
2052 255 249 63 Keeton
2352 253 253 76 leading
2653 267 211 63 songs
2913 265 81 64 on

159 372 210 64 pages
415 357 132 79 566
595 355 129 81 and
774 358 153 78 482.
981 357 309 79 Leaders:
1384 357 142 79 Lisa
1575 355 331 81 Ballinger,
1954 357 108 79 84,
2110 355 153 81 269;
2311 352 130 84 Tim
2493 352 297 84 Gilmore,
2842 351 150 85 224,

160 460 147 69 211;
357 456 228 73 Ozella
634 456 250 73 Chafin,
939 459 151 70 384;
1144 456 135 73 Earl
1333 456 330 76 Ballinger,
1714 456 150 76 204,
1915 456 153 76 270;
2121 453 177 79 Edith
2347 451 180 81 Tate,
2578 453 153 79 532;
2784 448 211 84 Edwin

166 556 321 78 Ballinger,
534 558 151 76 284,
733 558 153 76 313;
928 555 84 79 Jo
1056 555 139 79 Ann
1242 555 268 79 Barnes,
1557 556 148 78 272,
1752 555 151 79 207;
1954 552 136 82 Bob
2136 550 259 84 Fannin,
2442 552 151 82 201;
2640 549 186 85 Chris
2869 549 126 85 and

166 657 190 63 Kevin
411 655 151 70 Ball,
621 657 147 69 153,
828 657 148 69 124;
1027 654 96 72 Jill
1176 654 129 72 and
1359 654 187 72 Carol
1602 652 334 78 Ballinger,
1995 654 144 76 108,
2194 652 153 78 454;
2404 648 241 82 Hussel
2700 646 294 84 Godsey,

168 760 100 69 63,
334 756 151 73 68b;
552 754 234 75 Pernie
850 753 277 76 Pelfrey,
1194 754 108 75 67;
1366 753 100 76 Dr.
1527 751 265 78 Juliette
1857 751 294 78 Haynes,
2215 751 156 78 218;
2437 747 235 82 Kermit
2730 747 273 82 Adams,

172 858 144 70 197;
372 855 178 73 Irene
603 853 181 78 Hipp,
844 855 147 76 171,
1051 855 150 76 176;
1255 852 240 79 Robert
1543 850 316 81 Aldridge,
1914 852 151 79 392,
2119 850 154 81 371;
2328 847 274 84 Clearcy
2653 844 343 87 Rutledge,

175 958 154 60 146.

175 1054 289 63 RECESS.

355 1153 132 60 Ted
535 1152 273 75 Godsey
850 1150 273 78 brought
1164 1150 109 78 the
1314 1150 183 78 class
1537 1156 64 72 to
1645 1149 186 79 order
1873 1149 253 79 leading
2170 1162 211 66 songs
2425 1162 84 66 on
2554 1161 214 67 pages
2812 1146 129 82 378
2988 1194 10 34 ,

180 1254 163 61 147b
387 1252 126 63 and
556 1254 106 61 39.
712 1252 307 63 Leaders:
1069 1251 280 64 Dawson
1396 1249 264 72 Adams,
1707 1251 106 70 57;
1855 1248 189 73 Josie
2091 1248 198 76 Hyde,
2337 1249 148 75 493,
2532 1248 153 76 300;
2734 1245 268 79 Howard

178 1353 282 76 Godsey,
507 1354 151 75 385,
705 1353 108 76 34;
855 1350 172 79 John
1078 1350 199 79 Hyde,
1327 1351 102 78 61,
1477 1348 195 81 274b;
1722 1348 193 81 Linda
1954 1347 322 82 Johnson,
2323 1348 151 81 301;
2524 1344 243 85 Parnell
2817 1344 186 85 Berry

180 1453 97 61 led
340 1455 82 60 77
487 1452 58 63 in
612 1467 291 60 memory
966 1450 67 76 of
1095 1449 213 78 Hattie
1374 1449 190 78 Berry
1627 1464 79 63 as
1768 1447 112 79 the
1942 1447 255 79 closing
2260 1462 196 64 song.
2521 1444 132 82 Tim
2718 1444 286 82 Gilmore

178 1551 345 63 dismissed
565 1551 109 63 the
718 1549 181 64 class
939 1549 142 64 with
1123 1564 244 63 prayer.
1491 1548 276 79 Minutes
1806 1563 172 64 were
2022 1546 145 81 paid
2209 1546 96 81 for
2346 1560 102 67 my
2487 1545 156 82 Tom
2688 1543 127 84 and
2859 1542 150 85 Lola

183 1651 346 61 Roberson.

183 1750 375 70 Chairman,
636 1747 259 73 Parnell
972 1747 220 75 Berry;
1267 1746 160 76 Vice
1501 1746 381 76 Chairman,
1962 1744 202 78 Hollis
2238 1743 309 79 Godsey;
2622 1743 381 79 Secretary,

186 1849 312 78 Margaret
547 1848 268 79 Keeton.

916 1951 195 78 THE
1143 1948 460 81 MIDWEST
1629 1945 643 84 CONVENTION

948 2079 337 69 Evanston,
1318 2076 207 72 Illinois
1551 2076 124 72 and
1704 2074 297 75 Chicago,
2035 2073 207 76 Illinois

1282 2175 150 76 April
1459 2176 81 75 29
1570 2223 10 28 ,
1611 2175 99 76 30,
1744 2175 165 76 1989

439 2277 135 60 The
631 2277 210 60 fourth
904 2274 244 63 annual
1206 2272 277 64 session
1545 2272 67 64 of
1665 2272 111 64 the
1837 2271 295 66 Midwest
2190 2268 256 69 Sacred
2506 2268 174 76 Harp
2736 2266 271 78 Sinigng

187 2376 400 61 Convention
642 2391 142 46 was
841 2374 148 63 held
1047 2389 82 48 on
1188 2371 342 76 Saturday,
1588 2370 160 78 April
1803 2368 153 79 29th
2011 2374 64 73 at
2130 2368 156 79 First
2341 2367 247 81 Baptist
2643 2365 255 82 Church
2955 2365 66 82 of

190 2476 337 69 Evanston,
577 2475 237 70 Illinois.
861 2473 133 72 The
1036 2470 384 75 convention
1459 2487 142 58 was
1641 2467 204 78 called
1888 2473 61 72 to
1993 2467 184 78 order
2215 2472 64 73 at
2320 2467 150 78 9:30
2512 2481 145 64 a.m.
2704 2464 78 81 by
2827 2463 181 82 Hugh

190 2575 283 60 McGraw
514 2575 150 75 (Ga)
709 2572 252 78 leading
1005 2587 210 63 songs
1257 2586 81 64 on
1380 2584 211 66 pages
1632 2568 130 82 39b
1803 2566 123 84 and
1969 2568 102 82 59.
2115 2565 133 85 The
2290 2563 277 87 morning
2611 2578 226 72 prayer
2871 2578 139 72 was

190 2674 93 60 led
327 2674 79 75 by
445 2674 207 75 Jesse
699 2673 294 76 Roberts.
1038 2670 135 79 The
1218 2668 256 81 officers
1518 2667 99 82 led
1662 2682 79 67 as
1780 2665 265 84 follows:
2092 2664 169 85 Mary
2307 2664 178 85 Rose
2526 2662 295 87 O'Leary,
2868 2662 148 87 217;

190 2773 241 60 Connie
480 2772 307 70 Karduck,
841 2772 148 70 142;
1035 2769 135 73 Ted
1219 2769 246 73 Mercer
1507 2764 190 78 stood
1746 2764 126 78 and
1920 2779 168 63 gave
2131 2763 109 79 the
2283 2760 376 82 welcoming
2706 2760 301 82 address.

192 2872 90 58 He
340 2887 142 43 was
543 2869 303 61 followed
909 2869 81 75 by
1048 2868 174 76 Judy
1287 2865 193 79 Hauff
1542 2863 259 81 leading
1863 2862 156 82 49b;
2077 2862 124 82 Jim
2265 2862 280 82 Carnes,
2613 2859 181 85 (TN);
2911 2860 106 84 21.

190 2970 304 60 Leaders:
546 2970 66 60 B.
667 2968 81 61 M.
802 2967 223 70 Smith,
1081 2965 189 75 (GA),
1320 2965 153 75 273;
1525 2962 141 78 Bob
1714 2961 165 79 Parr,
1935 2959 189 81 (MA),
2175 2961 156 79 297;
2374 2958 268 82 Joanne
2691 2956 327 84 Bowman,

192 3069 141 75 (IN),
390 3072 144 72 147;
580 3069 211 75 Joyce
837 3066 270 78 Walton,
1161 3063 168 81 (AL),
1378 3064 151 79 455;
1579 3060 127 84 Phil
1755 3058 165 85 Trier
1968 3058 99 85 led
2116 3057 97 87 his
2262 3072 138 72 own
2451 3060 454 84 arrangement
2950 3054 67 90 of

190 3168 193 58 "Shall
429 3166 115 60 We
591 3166 244 60 Gather
877 3171 63 55 at
982 3163 108 63 the
1138 3162 235 69 River";
1420 3159 261 75 Stanley
1725 3156 220 78 Smith,
1995 3156 163 78 (AL),
2206 3156 150 78 328;
2404 3153 129 81 Kim
2580 3151 222 82 Cagle,
2853 3151 163 82 (AL),

189 3268 148 69 460;
399 3267 139 70 Dan
601 3265 292 72 Havens,
957 3264 154 73 299;
1177 3259 183 78 Hilda
1420 3256 333 81 Morrison,
1819 3255 168 82 (AL),
2047 3255 151 82 566'
2257 3252 141 85 Don
2461 3250 334 87 Bardsley,
2859 3252 153 85 513;

190 3364 238 60 Allison
499 3364 130 60 and
703 3361 283 63 Richard
1060 3360 169 75 Ivey,
1305 3357 171 78 (AL),
1546 3357 156 78 354;
1777 3354 183 81 Ryan
2032 3352 253 82 Foster,
2361 3349 171 85 (AL),
2608 3351 153 84 101;
2832 3349 192 85 Dana

193 3463 247 70 Merritt,
514 3463 174 75 (AL),
757 3463 157 75 408;
985 3459 166 79 Kate
1221 3456 235 82 Merritt
1524 3453 171 85 (AL),
1770 3453 150 85 196;
1990 3450 198 88 Emily
2256 3448 250 90 Collins
2571 3448 130 90 and
2772 3447 244 91 Marcia

187 3561 315 73 Johnson,
552 3561 147 73 76b.

190 3660 292 61 RECESS.

385 3760 174 60 John
610 3757 228 63 Merritt
882 3754 210 66 called
1140 3753 109 67 the
1296 3751 181 69 class
1522 3748 297 76 together
1866 3745 253 79 leading
2169 3760 166 64 song
2388 3759 79 66 on
2517 3759 174 66 page
2737 3744 105 81 96.
2890 3742 133 82 The

189 3858 382 60 convention
619 3858 151 60 then
817 3859 172 58 went
1035 3853 127 64 into
1210 3849 316 69 business
1570 3844 268 73 session
1888 3843 129 75 and
2065 3841 258 76 officers
2365 3856 172 61 were
2586 3840 255 78 elected
2890 3843 124 75 and

190 3957 345 78 appointed
586 3972 81 63 as
715 3954 271 81 follows:
1041 3949 364 85 Chairman,
1462 3946 172 88 Mary
1686 3943 180 91 Rose
1912 3940 301 94 O'Leary;
2263 3939 153 96 Vice
2466 3939 366 96 Chairman,
2884 3937 130 97 Ted

184 4056 334 72 Johnson;
589 4056 384 72 Secretary,
1047 4047 291 81 Melanie
1408 4042 217 85 Hauff;
1695 4039 349 88 Chaplain,
2116 4038 169 90 Ruth
2355 4036 232 91 White;
2655 4036 360 91 Arranging

190 4155 406 70 Committee,
657 4153 126 72 Jim
846 4150 282 75 Carnes,
1191 4143 256 82 Connie
1507 4138 297 87 Karduck
1863 4137 127 88 and
2052 4135 282 90 Carlene
2394 4135 240 90 Griffin;
2697 4134 327 91 Memorial

189 4254 405 70 Committee,
651 4251 318 73 Kathleen
1023 4246 252 78 Kuiper,
1332 4243 64 81 B.
1455 4242 78 82 M.
1588 4237 199 87 Smith
1843 4237 126 87 and
2025 4234 301 90 Matthew
2376 4233 168 91 Lind;
2601 4233 418 91 Resolutions

189 4354 405 70 Committee,
652 4350 244 75 Marcia
945 4347 306 78 Johnson
1306 4341 126 84 and
1491 4338 171 87 Buell
1717 4336 211 88 Cobb;
1984 4335 280 90 Finance
2319 4332 408 93 Committee,
2781 4332 247 93 Wendy

186 4453 199 61 Wahn
435 4455 127 60 and
616 4449 279 66 Melanie
948 4444 208 70 Hauff;
1210 4440 298 76 Locating
1560 4434 403 82 Committee,
2014 4432 132 84 Ted
2199 4432 265 84 Mercer,
2517 4431 220 85 Marge
2788 4432 231 84 Mason

187 4554 121 60 and
363 4554 180 75 Larry
592 4549 364 79 Nothwehr;
1011 4542 321 87 Publicity,
1384 4537 262 91 Shelley
1696 4533 289 96 Robbins
2035 4531 126 97 and
2209 4531 132 97 Ted
2395 4531 264 97 Mercer.
2713 4530 307 99 Leaders:

187 4653 190 63 Davis
432 4654 162 75 Ivey,
648 4650 168 79 (AL),
867 4648 153 81 320;
1069 4641 190 88 Vykki
1311 4638 234 91 Mendy
1594 4636 187 93 Gray,
1837 4633 177 96 (CA),
2071 4633 145 96 191;
2265 4632 183 97 Anne
2499 4630 223 99 Brady,
2775 4633 105 96 63;

1569 4737 72 60 51
