<?xml version="1.0" encoding="utf-8"?>
<alto xmlns:xlink="http://www.w3.org/1999/xlink" xmlns:xsi="http://www.w3.org/2001/XMLSchema-instance" xsi:schemaLocation="http://www.loc.gov/standards/alto/ns-v2# http://www.loc.gov/standards/alto/alto-v2.0.xsd" xmlns="http://www.loc.gov/standards/alto/ns-v2#">
  <Description>
    <MeasurementUnit>pixel</MeasurementUnit>
    <sourceImageInformation>
      <fileName>00000003.tif</fileName>
    </sourceImageInformation>
    <OCRProcessing ID="Processing">
      <ocrProcessingStep>
        <processingStepSettings>Image Resolution:600</processingStepSettings>
        <processingSoftware>
          <softwareCreator>I2S</softwareCreator>
          <softwareName>Limb</softwareName>
          <softwareVersion>3.3.2.0</softwareVersion>
          <applicationDescription>Abbyy10 OCR Engine</applicationDescription>
        </processingSoftware>
      </ocrProcessingStep>
    </OCRProcessing>
  </Description>
  <Styles>
    <TextStyle ID="StyleId-0" FONTSIZE="9" FONTFAMILY="Times New Roman" />
  </Styles>
  <Layout>
    <Page ID="P2" PHYSICAL_IMG_NR="2" HEIGHT="4950" WIDTH="3150" ACCURACY="0.8834298" QUALITY_DETAIL="319 words, 1335 chars, 1241 with recognition greater than 50% (92.96%)">
      <TopMargin ID="P2_TM00001" HPOS="0" VPOS="0" WIDTH="3150" HEIGHT="333" />
      <LeftMargin ID="P2_LM00001" HPOS="0" VPOS="333" WIDTH="184" HEIGHT="4302" />
      <RightMargin ID="P2_RM00001" HPOS="3001" VPOS="333" WIDTH="148" HEIGHT="4302" />
      <BottomMargin ID="P2_BM00001" HPOS="0" VPOS="4635" WIDTH="3150" HEIGHT="315" />
      <PrintSpace ID="P2_PS00001" HPOS="184" VPOS="333" WIDTH="2817" HEIGHT="4302">
        <TextBlock ID="P2_TB00001" HPOS="1912" VPOS="316" WIDTH="757" HEIGHT="79">
          <TextLine ID="P2_TL00001" HPOS="1924" VPOS="328" WIDTH="732" HEIGHT="55">
            <String ID="P2_S00001" HPOS="1924" VPOS="331" WIDTH="169" HEIGHT="58" STYLEREFS="StyleId-0" CONTENT="2520" WC="1" CC="0000" />
            <SP ID="P2_SP00001" WIDTH="0" HPOS="0" VPOS="0" />
            <String ID="P2_S00002" HPOS="2124" VPOS="327" WIDTH="151" HEIGHT="63" STYLEREFS="StyleId-0" CONTENT="Reid" WC="0.8625" CC="0500" />
            <SP ID="P2_SP00002" WIDTH="0" HPOS="0" VPOS="0" />
            <String ID="P2_S00003" HPOS="2305" VPOS="324" WIDTH="178" HEIGHT="66" STYLEREFS="StyleId-0" CONTENT="Road" WC="0.915" CC="0030" />
            <SP ID="P2_SP00003" WIDTH="0" HPOS="0" VPOS="0" />
            <String ID="P2_S00004" HPOS="2514" VPOS="322" WIDTH="142" HEIGHT="67" STYLEREFS="StyleId-0" CONTENT="N.E." WC="0.8925" CC="0004" />
          </TextLine>
        </TextBlock>
        <TextBlock ID="P2_TB00002" HPOS="1911" VPOS="415" WIDTH="1053" HEIGHT="192">
          <TextLine ID="P2_TL00002" HPOS="1929" VPOS="427" WIDTH="1021" HEIGHT="70">
            <String ID="P2_S00005" HPOS="1929" VPOS="427" WIDTH="427" HEIGHT="78" STYLEREFS="StyleId-0" CONTENT="Birmingham," WC="0.95" CC="00000000005" />
            <SP ID="P2_SP00004" WIDTH="0" HPOS="0" VPOS="0" />
            <String ID="P2_S00006" HPOS="2386" VPOS="423" WIDTH="306" HEIGHT="82" STYLEREFS="StyleId-0" CONTENT="Alabama" WC="1" CC="0000000" />
            <SP ID="P2_SP00005" WIDTH="0" HPOS="0" VPOS="0" />
            <String ID="P2_S00007" HPOS="2736" VPOS="420" WIDTH="214" HEIGHT="85" STYLEREFS="StyleId-0" CONTENT="35215" WC="0.96" CC="00200" />
          </TextLine>
          <TextLine ID="P2_TL00003" HPOS="1923" VPOS="528" WIDTH="561" HEIGHT="72">
            <String ID="P2_S00008" HPOS="1923" VPOS="528" WIDTH="279" HEIGHT="75" STYLEREFS="StyleId-0" CONTENT="January" WC="0.7342857" CC="3057000" />
            <SP ID="P2_SP00006" WIDTH="0" HPOS="0" VPOS="0" />
            <String ID="P2_S00009" HPOS="2232" VPOS="526" WIDTH="51" HEIGHT="76" STYLEREFS="StyleId-0" CONTENT="1," WC="1" CC="00" />
            <SP ID="P2_SP00007" WIDTH="0" HPOS="0" VPOS="0" />
            <String ID="P2_S00010" HPOS="2317" VPOS="525" WIDTH="166" HEIGHT="78" STYLEREFS="StyleId-0" CONTENT="1990" WC="0.8925" CC="0300" />
          </TextLine>
        </TextBlock>
        <TextBlock ID="P2_TB00003" HPOS="190" VPOS="921" WIDTH="2703" HEIGHT="3715">
          <TextLine ID="P2_TL00004" HPOS="202" VPOS="933" WIDTH="939" HEIGHT="76">
            <String ID="P2_S00011" HPOS="202" VPOS="933" WIDTH="166" HEIGHT="61" STYLEREFS="StyleId-0" CONTENT="Dear" WC="1" CC="0000" />
            <SP ID="P2_SP00008" WIDTH="0" HPOS="0" VPOS="0" />
            <String ID="P2_S00012" HPOS="393" VPOS="931" WIDTH="244" HEIGHT="63" STYLEREFS="StyleId-0" CONTENT="Sacred" WC="1" CC="000000" />
            <SP ID="P2_SP00009" WIDTH="0" HPOS="0" VPOS="0" />
            <String ID="P2_S00013" HPOS="666" VPOS="931" WIDTH="168" HEIGHT="79" STYLEREFS="StyleId-0" CONTENT="Harp" WC="1" CC="0000" />
            <SP ID="P2_SP00010" WIDTH="0" HPOS="0" VPOS="0" />
            <String ID="P2_S00014" HPOS="859" VPOS="931" WIDTH="282" HEIGHT="79" STYLEREFS="StyleId-0" CONTENT="Singers:" WC="0.89375" CC="00200005" />
          </TextLine>
          <TextLine ID="P2_TL00005" HPOS="402" VPOS="1134" WIDTH="2335" HEIGHT="63">
            <String ID="P2_S00015" HPOS="402" VPOS="1134" WIDTH="13" HEIGHT="60" STYLEREFS="StyleId-0" CONTENT="I" WC="0.43" CC="5" />
            <SP ID="P2_SP00011" WIDTH="0" HPOS="0" VPOS="0" />
            <String ID="P2_S00016" HPOS="442" VPOS="1134" WIDTH="169" HEIGHT="78" STYLEREFS="StyleId-0" CONTENT="hope" WC="0.6875" CC="4412" />
            <SP ID="P2_SP00012" WIDTH="0" HPOS="0" VPOS="0" />
            <String ID="P2_S00017" HPOS="639" VPOS="1132" WIDTH="105" HEIGHT="79" STYLEREFS="StyleId-0" CONTENT="the" WC="0.89" CC="300" />
            <SP ID="P2_SP00013" WIDTH="0" HPOS="0" VPOS="0" />
            <String ID="P2_S00018" HPOS="769" VPOS="1147" WIDTH="154" HEIGHT="64" STYLEREFS="StyleId-0" CONTENT="year" WC="1" CC="0000" />
            <SP ID="P2_SP00014" WIDTH="0" HPOS="0" VPOS="0" />
            <String ID="P2_S00019" HPOS="951" VPOS="1134" WIDTH="166" HEIGHT="78" STYLEREFS="StyleId-0" CONTENT="1989" WC="1" CC="0000" />
            <SP ID="P2_SP00015" WIDTH="0" HPOS="0" VPOS="0" />
            <String ID="P2_S00020" HPOS="1140" VPOS="1147" WIDTH="138" HEIGHT="64" STYLEREFS="StyleId-0" CONTENT="was" WC="1" CC="000" />
            <SP ID="P2_SP00016" WIDTH="0" HPOS="0" VPOS="0" />
            <String ID="P2_S00021" HPOS="1303" VPOS="1147" WIDTH="40" HEIGHT="64" STYLEREFS="StyleId-0" CONTENT="a" WC="1" CC="0" />
            <SP ID="P2_SP00017" WIDTH="0" HPOS="0" VPOS="0" />
            <String ID="P2_S00022" HPOS="1366" VPOS="1129" WIDTH="168" HEIGHT="82" STYLEREFS="StyleId-0" CONTENT="good" WC="0.8775" CC="0310" />
            <SP ID="P2_SP00018" WIDTH="0" HPOS="0" VPOS="0" />
            <String ID="P2_S00023" HPOS="1560" VPOS="1144" WIDTH="151" HEIGHT="67" STYLEREFS="StyleId-0" CONTENT="year" WC="0.9725" CC="0100" />
            <SP ID="P2_SP00019" WIDTH="0" HPOS="0" VPOS="0" />
            <String ID="P2_S00024" HPOS="1734" VPOS="1128" WIDTH="91" HEIGHT="84" STYLEREFS="StyleId-0" CONTENT="for" WC="1" CC="000" />
            <SP ID="P2_SP00020" WIDTH="0" HPOS="0" VPOS="0" />
            <String ID="P2_S00025" HPOS="1845" VPOS="1141" WIDTH="141" HEIGHT="70" STYLEREFS="StyleId-0" CONTENT="you," WC="0.92" CC="0003" />
            <SP ID="P2_SP00021" WIDTH="0" HPOS="0" VPOS="0" />
            <String ID="P2_S00026" HPOS="2016" VPOS="1123" WIDTH="123" HEIGHT="88" STYLEREFS="StyleId-0" CONTENT="and" WC="1" CC="000" />
            <SP ID="P2_SP00022" WIDTH="0" HPOS="0" VPOS="0" />
            <String ID="P2_S00027" HPOS="2166" VPOS="1123" WIDTH="103" HEIGHT="88" STYLEREFS="StyleId-0" CONTENT="the" WC="0.816666663" CC="500" />
            <SP ID="P2_SP00023" WIDTH="0" HPOS="0" VPOS="0" />
            <String ID="P2_S00028" HPOS="2299" VPOS="1137" WIDTH="138" HEIGHT="75" STYLEREFS="StyleId-0" CONTENT="new" WC="1" CC="000" />
            <SP ID="P2_SP00024" WIDTH="0" HPOS="0" VPOS="0" />
            <String ID="P2_S00029" HPOS="2458" VPOS="1134" WIDTH="153" HEIGHT="78" STYLEREFS="StyleId-0" CONTENT="year" WC="1" CC="0000" />
            <SP ID="P2_SP00025" WIDTH="0" HPOS="0" VPOS="0" />
            <String ID="P2_S00030" HPOS="2632" VPOS="1116" WIDTH="103" HEIGHT="96" STYLEREFS="StyleId-0" CONTENT="will" WC="0.955" CC="0010" />
          </TextLine>
          <TextLine ID="P2_TL00006" HPOS="207" VPOS="1234" WIDTH="1014" HEIGHT="58">
            <String ID="P2_S00031" HPOS="207" VPOS="1234" WIDTH="82" HEIGHT="61" STYLEREFS="StyleId-0" CONTENT="be" WC="1" CC="00" />
            <SP ID="P2_SP00026" WIDTH="0" HPOS="0" VPOS="0" />
            <String ID="P2_S00032" HPOS="315" VPOS="1249" WIDTH="166" HEIGHT="46" STYLEREFS="StyleId-0" CONTENT="even" WC="0.695" CC="5042" />
            <SP ID="P2_SP00027" WIDTH="0" HPOS="0" VPOS="0" />
            <String ID="P2_S00033" HPOS="508" VPOS="1233" WIDTH="201" HEIGHT="63" STYLEREFS="StyleId-0" CONTENT="better" WC="0.946666658" CC="011000" />
            <SP ID="P2_SP00028" WIDTH="0" HPOS="0" VPOS="0" />
            <String ID="P2_S00034" HPOS="730" VPOS="1233" WIDTH="91" HEIGHT="63" STYLEREFS="StyleId-0" CONTENT="for" WC="1" CC="000" />
            <SP ID="P2_SP00029" WIDTH="0" HPOS="0" VPOS="0" />
            <String ID="P2_S00035" HPOS="844" VPOS="1233" WIDTH="166" HEIGHT="63" STYLEREFS="StyleId-0" CONTENT="each" WC="0.885" CC="4000" />
            <SP ID="P2_SP00030" WIDTH="0" HPOS="0" VPOS="0" />
            <String ID="P2_S00036" HPOS="1039" VPOS="1231" WIDTH="63" HEIGHT="64" STYLEREFS="StyleId-0" CONTENT="of" WC="1" CC="00" />
            <SP ID="P2_SP00031" WIDTH="0" HPOS="0" VPOS="0" />
            <String ID="P2_S00037" HPOS="1128" VPOS="1248" WIDTH="93" HEIGHT="48" STYLEREFS="StyleId-0" CONTENT="us." WC="1" CC="000" />
          </TextLine>
          <TextLine ID="P2_TL00007" HPOS="408" VPOS="1432" WIDTH="2443" HEIGHT="58">
            <String ID="P2_S00038" HPOS="408" VPOS="1432" WIDTH="12" HEIGHT="60" STYLEREFS="StyleId-0" CONTENT="I" WC="0.52" CC="4" />
            <SP ID="P2_SP00032" WIDTH="0" HPOS="0" VPOS="0" />
            <String ID="P2_S00039" HPOS="445" VPOS="1437" WIDTH="235" HEIGHT="55" STYLEREFS="StyleId-0" CONTENT="cannot" WC="0.835" CC="000504" />
            <SP ID="P2_SP00033" WIDTH="0" HPOS="0" VPOS="0" />
            <String ID="P2_S00040" HPOS="706" VPOS="1431" WIDTH="211" HEIGHT="61" STYLEREFS="StyleId-0" CONTENT="attend" WC="0.8183333" CC="016110" />
            <SP ID="P2_SP00034" WIDTH="0" HPOS="0" VPOS="0" />
            <String ID="P2_S00041" HPOS="943" VPOS="1431" WIDTH="106" HEIGHT="61" STYLEREFS="StyleId-0" CONTENT="the" WC="0.91" CC="200" />
            <SP ID="P2_SP00035" WIDTH="0" HPOS="0" VPOS="0" />
            <String ID="P2_S00042" HPOS="1075" VPOS="1429" WIDTH="283" HEIGHT="76" STYLEREFS="StyleId-0" CONTENT="singings" WC="1" CC="00000000" />
            <SP ID="P2_SP00036" WIDTH="0" HPOS="0" VPOS="0" />
            <String ID="P2_S00043" HPOS="1384" VPOS="1429" WIDTH="289" HEIGHT="76" STYLEREFS="StyleId-0" CONTENT="because" WC="0.8757143" CC="0030005" />
            <SP ID="P2_SP00037" WIDTH="0" HPOS="0" VPOS="0" />
            <String ID="P2_S00044" HPOS="1701" VPOS="1425" WIDTH="63" HEIGHT="81" STYLEREFS="StyleId-0" CONTENT="of" WC="0.825" CC="30" />
            <SP ID="P2_SP00038" WIDTH="0" HPOS="0" VPOS="0" />
            <String ID="P2_S00045" HPOS="1785" VPOS="1425" WIDTH="274" HEIGHT="81" STYLEREFS="StyleId-0" CONTENT="Walter's" WC="0.96125" CC="00020000" />
            <SP ID="P2_SP00039" WIDTH="0" HPOS="0" VPOS="0" />
            <String ID="P2_S00046" HPOS="2086" VPOS="1420" WIDTH="225" HEIGHT="85" STYLEREFS="StyleId-0" CONTENT="health." WC="0.861428559" CC="0600003" />
            <SP ID="P2_SP00040" WIDTH="0" HPOS="0" VPOS="0" />
            <String ID="P2_S00047" HPOS="2365" VPOS="1419" WIDTH="12" HEIGHT="87" STYLEREFS="StyleId-0" CONTENT="I" WC="0.78" CC="2" />
            <SP ID="P2_SP00041" WIDTH="0" HPOS="0" VPOS="0" />
            <String ID="P2_S00048" HPOS="2407" VPOS="1419" WIDTH="162" HEIGHT="87" STYLEREFS="StyleId-0" CONTENT="have" WC="1" CC="0000" />
            <SP ID="P2_SP00042" WIDTH="0" HPOS="0" VPOS="0" />
            <String ID="P2_S00049" HPOS="2593" VPOS="1422" WIDTH="63" HEIGHT="84" STYLEREFS="StyleId-0" CONTENT="to" WC="0.515" CC="45" />
            <SP ID="P2_SP00043" WIDTH="0" HPOS="0" VPOS="0" />
            <String ID="P2_S00050" HPOS="2683" VPOS="1414" WIDTH="79" HEIGHT="91" STYLEREFS="StyleId-0" CONTENT="be" WC="0.875" CC="02" />
            <SP ID="P2_SP00044" WIDTH="0" HPOS="0" VPOS="0" />
            <String ID="P2_S00051" HPOS="2791" VPOS="1419" WIDTH="60" HEIGHT="87" STYLEREFS="StyleId-0" CONTENT="at" WC="0.81" CC="03" />
          </TextLine>
          <TextLine ID="P2_TL00008" HPOS="214" VPOS="1533" WIDTH="2556" HEIGHT="42">
            <String ID="P2_S00052" HPOS="214" VPOS="1533" WIDTH="190" HEIGHT="60" STYLEREFS="StyleId-0" CONTENT="home" WC="0.98" CC="0000" />
            <SP ID="P2_SP00045" WIDTH="0" HPOS="0" VPOS="0" />
            <String ID="P2_S00053" HPOS="429" VPOS="1537" WIDTH="63" HEIGHT="55" STYLEREFS="StyleId-0" CONTENT="to" WC="0.79" CC="21" />
            <SP ID="P2_SP00046" WIDTH="0" HPOS="0" VPOS="0" />
            <String ID="P2_S00054" HPOS="516" VPOS="1546" WIDTH="151" HEIGHT="46" STYLEREFS="StyleId-0" CONTENT="care" WC="0.9525" CC="1000" />
            <SP ID="P2_SP00047" WIDTH="0" HPOS="0" VPOS="0" />
            <String ID="P2_S00055" HPOS="691" VPOS="1530" WIDTH="93" HEIGHT="63" STYLEREFS="StyleId-0" CONTENT="for" WC="0.88" CC="030" />
            <SP ID="P2_SP00048" WIDTH="0" HPOS="0" VPOS="0" />
            <String ID="P2_S00056" HPOS="807" VPOS="1528" WIDTH="139" HEIGHT="64" STYLEREFS="StyleId-0" CONTENT="him." WC="0.9825" CC="0000" />
            <SP ID="P2_SP00049" WIDTH="0" HPOS="0" VPOS="0" />
            <String ID="P2_S00057" HPOS="999" VPOS="1530" WIDTH="330" HEIGHT="63" STYLEREFS="StyleId-0" CONTENT="Someone" WC="0.88" CC="4400000" />
            <SP ID="P2_SP00050" WIDTH="0" HPOS="0" VPOS="0" />
            <String ID="P2_S00058" HPOS="1357" VPOS="1527" WIDTH="118" HEIGHT="66" STYLEREFS="StyleId-0" CONTENT="has" WC="1" CC="000" />
            <SP ID="P2_SP00051" WIDTH="0" HPOS="0" VPOS="0" />
            <String ID="P2_S00059" HPOS="1500" VPOS="1531" WIDTH="61" HEIGHT="61" STYLEREFS="StyleId-0" CONTENT="to" WC="0.495" CC="73" />
            <SP ID="P2_SP00052" WIDTH="0" HPOS="0" VPOS="0" />
            <String ID="P2_S00060" HPOS="1588" VPOS="1525" WIDTH="81" HEIGHT="67" STYLEREFS="StyleId-0" CONTENT="be" WC="0.84" CC="03" />
            <SP ID="P2_SP00053" WIDTH="0" HPOS="0" VPOS="0" />
            <String ID="P2_S00061" HPOS="1693" VPOS="1524" WIDTH="135" HEIGHT="69" STYLEREFS="StyleId-0" CONTENT="with" WC="0.9625" CC="0010" />
            <SP ID="P2_SP00054" WIDTH="0" HPOS="0" VPOS="0" />
            <String ID="P2_S00062" HPOS="1857" VPOS="1522" WIDTH="117" HEIGHT="70" STYLEREFS="StyleId-0" CONTENT="him" WC="1" CC="000" />
            <SP ID="P2_SP00055" WIDTH="0" HPOS="0" VPOS="0" />
            <String ID="P2_S00063" HPOS="2002" VPOS="1521" WIDTH="72" HEIGHT="72" STYLEREFS="StyleId-0" CONTENT="all" WC="0.956666648" CC="001" />
            <SP ID="P2_SP00056" WIDTH="0" HPOS="0" VPOS="0" />
            <String ID="P2_S00064" HPOS="2103" VPOS="1519" WIDTH="61" HEIGHT="73" STYLEREFS="StyleId-0" CONTENT="of" WC="0.73" CC="41" />
            <SP ID="P2_SP00057" WIDTH="0" HPOS="0" VPOS="0" />
            <String ID="P2_S00065" HPOS="2185" VPOS="1519" WIDTH="105" HEIGHT="73" STYLEREFS="StyleId-0" CONTENT="the" WC="0.81" CC="500" />
            <SP ID="P2_SP00058" WIDTH="0" HPOS="0" VPOS="0" />
            <String ID="P2_S00066" HPOS="2316" VPOS="1518" WIDTH="162" HEIGHT="75" STYLEREFS="StyleId-0" CONTENT="time." WC="0.808" CC="50004" />
            <SP ID="P2_SP00059" WIDTH="0" HPOS="0" VPOS="0" />
            <String ID="P2_S00067" HPOS="2530" VPOS="1515" WIDTH="91" HEIGHT="78" STYLEREFS="StyleId-0" CONTENT="He" WC="0.77" CC="21" />
            <SP ID="P2_SP00060" WIDTH="0" HPOS="0" VPOS="0" />
            <String ID="P2_S00068" HPOS="2652" VPOS="1513" WIDTH="118" HEIGHT="79" STYLEREFS="StyleId-0" CONTENT="has" WC="1" CC="000" />
          </TextLine>
          <TextLine ID="P2_TL00009" HPOS="213" VPOS="1630" WIDTH="2424" HEIGHT="60">
            <String ID="P2_S00069" HPOS="213" VPOS="1630" WIDTH="400" HEIGHT="61" STYLEREFS="StyleId-0" CONTENT="Alzheimer's" WC="0.8990909" CC="04000031000" />
            <SP ID="P2_SP00061" WIDTH="0" HPOS="0" VPOS="0" />
            <String ID="P2_S00070" HPOS="640" VPOS="1629" WIDTH="297" HEIGHT="70" STYLEREFS="StyleId-0" CONTENT="Disease," WC="0.85625" CC="00030024" />
            <SP ID="P2_SP00062" WIDTH="0" HPOS="0" VPOS="0" />
            <String ID="P2_S00071" HPOS="966" VPOS="1627" WIDTH="127" HEIGHT="72" STYLEREFS="StyleId-0" CONTENT="and" WC="0.6933333" CC="450" />
            <SP ID="P2_SP00063" WIDTH="0" HPOS="0" VPOS="0" />
            <String ID="P2_S00072" HPOS="1117" VPOS="1642" WIDTH="81" HEIGHT="57" STYLEREFS="StyleId-0" CONTENT="as" WC="0.535" CC="54" />
            <SP ID="P2_SP00064" WIDTH="0" HPOS="0" VPOS="0" />
            <String ID="P2_S00073" HPOS="1221" VPOS="1642" WIDTH="123" HEIGHT="60" STYLEREFS="StyleId-0" CONTENT="you" WC="0.686666667" CC="035" />
            <SP ID="P2_SP00065" WIDTH="0" HPOS="0" VPOS="0" />
            <String ID="P2_S00074" HPOS="1369" VPOS="1626" WIDTH="183" HEIGHT="76" STYLEREFS="StyleId-0" CONTENT="know" WC="0.6125" CC="3650" />
            <SP ID="P2_SP00066" WIDTH="0" HPOS="0" VPOS="0" />
            <String ID="P2_S00075" HPOS="1572" VPOS="1623" WIDTH="120" HEIGHT="79" STYLEREFS="StyleId-0" CONTENT="this" WC="0.885" CC="4000" />
            <SP ID="P2_SP00067" WIDTH="0" HPOS="0" VPOS="0" />
            <String ID="P2_S00076" HPOS="1716" VPOS="1623" WIDTH="54" HEIGHT="79" STYLEREFS="StyleId-0" CONTENT="is" WC="1" CC="00" />
            <SP ID="P2_SP00068" WIDTH="0" HPOS="0" VPOS="0" />
            <String ID="P2_S00077" HPOS="1792" VPOS="1638" WIDTH="82" HEIGHT="64" STYLEREFS="StyleId-0" CONTENT="an" WC="0.71" CC="14" />
            <SP ID="P2_SP00069" WIDTH="0" HPOS="0" VPOS="0" />
            <String ID="P2_S00078" HPOS="1903" VPOS="1618" WIDTH="309" HEIGHT="84" STYLEREFS="StyleId-0" CONTENT="incurable" WC="0.9344444" CC="000000300" />
            <SP ID="P2_SP00070" WIDTH="0" HPOS="0" VPOS="0" />
            <String ID="P2_S00079" HPOS="2238" VPOS="1614" WIDTH="399" HEIGHT="88" STYLEREFS="StyleId-0" CONTENT="progressive" WC="0.9663636" CC="00000000100" />
          </TextLine>
          <TextLine ID="P2_TL00010" HPOS="214" VPOS="1731" WIDTH="2458" HEIGHT="55">
            <String ID="P2_S00080" HPOS="214" VPOS="1731" WIDTH="285" HEIGHT="58" STYLEREFS="StyleId-0" CONTENT="disease." WC="0.91375" CC="00005010" />
            <SP ID="P2_SP00071" WIDTH="0" HPOS="0" VPOS="0" />
            <String ID="P2_S00081" HPOS="552" VPOS="1729" WIDTH="165" HEIGHT="69" STYLEREFS="StyleId-0" CONTENT="Also," WC="0.826" CC="02051" />
            <SP ID="P2_SP00072" WIDTH="0" HPOS="0" VPOS="0" />
            <String ID="P2_S00082" HPOS="750" VPOS="1741" WIDTH="99" HEIGHT="61" STYLEREFS="StyleId-0" CONTENT="my" WC="1" CC="00" />
            <SP ID="P2_SP00073" WIDTH="0" HPOS="0" VPOS="0" />
            <String ID="P2_S00083" HPOS="877" VPOS="1726" WIDTH="238" HEIGHT="76" STYLEREFS="StyleId-0" CONTENT="mother" WC="0.913333356" CC="022000" />
            <SP ID="P2_SP00074" WIDTH="0" HPOS="0" VPOS="0" />
            <String ID="P2_S00084" HPOS="1141" VPOS="1725" WIDTH="51" HEIGHT="78" STYLEREFS="StyleId-0" CONTENT="is" WC="0.935" CC="01" />
            <SP ID="P2_SP00075" WIDTH="0" HPOS="0" VPOS="0" />
            <String ID="P2_S00085" HPOS="1216" VPOS="1725" WIDTH="150" HEIGHT="78" STYLEREFS="StyleId-0" CONTENT="sick," WC="0.906" CC="00004" />
            <SP ID="P2_SP00076" WIDTH="0" HPOS="0" VPOS="0" />
            <String ID="P2_S00086" HPOS="1396" VPOS="1725" WIDTH="121" HEIGHT="78" STYLEREFS="StyleId-0" CONTENT="and" WC="1" CC="000" />
            <SP ID="P2_SP00077" WIDTH="0" HPOS="0" VPOS="0" />
            <String ID="P2_S00087" HPOS="1551" VPOS="1722" WIDTH="12" HEIGHT="81" STYLEREFS="StyleId-0" CONTENT="I" WC="0.55" CC="4" />
            <SP ID="P2_SP00078" WIDTH="0" HPOS="0" VPOS="0" />
            <String ID="P2_S00088" HPOS="1591" VPOS="1738" WIDTH="100" HEIGHT="64" STYLEREFS="StyleId-0" CONTENT="am" WC="1" CC="00" />
            <SP ID="P2_SP00079" WIDTH="0" HPOS="0" VPOS="0" />
            <String ID="P2_S00089" HPOS="1719" VPOS="1720" WIDTH="103" HEIGHT="82" STYLEREFS="StyleId-0" CONTENT="the" WC="0.673333347" CC="306" />
            <SP ID="P2_SP00080" WIDTH="0" HPOS="0" VPOS="0" />
            <String ID="P2_S00090" HPOS="1849" VPOS="1719" WIDTH="138" HEIGHT="84" STYLEREFS="StyleId-0" CONTENT="only" WC="0.87" CC="5000" />
            <SP ID="P2_SP00081" WIDTH="0" HPOS="0" VPOS="0" />
            <String ID="P2_S00091" HPOS="2011" VPOS="1717" WIDTH="174" HEIGHT="85" STYLEREFS="StyleId-0" CONTENT="child," WC="0.9633333" CC="000002" />
            <SP ID="P2_SP00082" WIDTH="0" HPOS="0" VPOS="0" />
            <String ID="P2_S00092" HPOS="2214" VPOS="1731" WIDTH="78" HEIGHT="72" STYLEREFS="StyleId-0" CONTENT="so" WC="0.91" CC="01" />
            <SP ID="P2_SP00083" WIDTH="0" HPOS="0" VPOS="0" />
            <String ID="P2_S00093" HPOS="2323" VPOS="1716" WIDTH="10" HEIGHT="87" STYLEREFS="StyleId-0" CONTENT="I" WC="1" CC="0" />
            <SP ID="P2_SP00084" WIDTH="0" HPOS="0" VPOS="0" />
            <String ID="P2_S00094" HPOS="2365" VPOS="1719" WIDTH="162" HEIGHT="84" STYLEREFS="StyleId-0" CONTENT="must" WC="0.9025" CC="0201" />
            <SP ID="P2_SP00085" WIDTH="0" HPOS="0" VPOS="0" />
            <String ID="P2_S00095" HPOS="2551" VPOS="1726" WIDTH="121" HEIGHT="76" STYLEREFS="StyleId-0" CONTENT="see" WC="0.876666665" CC="030" />
          </TextLine>
          <TextLine ID="P2_TL00011" HPOS="214" VPOS="1828" WIDTH="835" HEIGHT="54">
            <String ID="P2_S00096" HPOS="214" VPOS="1830" WIDTH="132" HEIGHT="58" STYLEREFS="StyleId-0" CONTENT="that" WC="0.845" CC="4001" />
            <SP ID="P2_SP00086" WIDTH="0" HPOS="0" VPOS="0" />
            <String ID="P2_S00097" HPOS="370" VPOS="1828" WIDTH="121" HEIGHT="60" STYLEREFS="StyleId-0" CONTENT="she" WC="0.766666651" CC="070" />
            <SP ID="P2_SP00087" WIDTH="0" HPOS="0" VPOS="0" />
            <String ID="P2_S00098" HPOS="519" VPOS="1827" WIDTH="52" HEIGHT="61" STYLEREFS="StyleId-0" CONTENT="is" WC="1" CC="00" />
            <SP ID="P2_SP00088" WIDTH="0" HPOS="0" VPOS="0" />
            <String ID="P2_S00099" HPOS="595" VPOS="1825" WIDTH="193" HEIGHT="63" STYLEREFS="StyleId-0" CONTENT="cared" WC="1" CC="00000" />
            <SP ID="P2_SP00089" WIDTH="0" HPOS="0" VPOS="0" />
            <String ID="P2_S00100" HPOS="813" VPOS="1825" WIDTH="91" HEIGHT="63" STYLEREFS="StyleId-0" CONTENT="for" WC="0.896666646" CC="020" />
            <SP ID="P2_SP00090" WIDTH="0" HPOS="0" VPOS="0" />
            <String ID="P2_S00101" HPOS="925" VPOS="1830" WIDTH="124" HEIGHT="58" STYLEREFS="StyleId-0" CONTENT="too." WC="0.8675" CC="3010" />
          </TextLine>
          <TextLine ID="P2_TL00012" HPOS="417" VPOS="2023" WIDTH="2341" HEIGHT="60">
            <String ID="P2_S00102" HPOS="417" VPOS="2025" WIDTH="13" HEIGHT="60" STYLEREFS="StyleId-0" CONTENT="I" WC="0.49" CC="5" />
            <SP ID="P2_SP00091" WIDTH="0" HPOS="0" VPOS="0" />
            <String ID="P2_S00103" HPOS="459" VPOS="2023" WIDTH="156" HEIGHT="61" STYLEREFS="StyleId-0" CONTENT="miss" WC="1" CC="0000" />
            <SP ID="P2_SP00092" WIDTH="0" HPOS="0" VPOS="0" />
            <String ID="P2_S00104" HPOS="639" VPOS="2022" WIDTH="165" HEIGHT="63" STYLEREFS="StyleId-0" CONTENT="each" WC="1" CC="0000" />
            <SP ID="P2_SP00093" WIDTH="0" HPOS="0" VPOS="0" />
            <String ID="P2_S00105" HPOS="832" VPOS="2022" WIDTH="63" HEIGHT="63" STYLEREFS="StyleId-0" CONTENT="of" WC="0.675" CC="60" />
            <SP ID="P2_SP00094" WIDTH="0" HPOS="0" VPOS="0" />
            <String ID="P2_S00106" HPOS="918" VPOS="2037" WIDTH="121" HEIGHT="60" STYLEREFS="StyleId-0" CONTENT="you" WC="0.62" CC="046" />
            <SP ID="P2_SP00095" WIDTH="0" HPOS="0" VPOS="0" />
            <String ID="P2_S00107" HPOS="1069" VPOS="2022" WIDTH="123" HEIGHT="75" STYLEREFS="StyleId-0" CONTENT="and" WC="1" CC="000" />
            <SP ID="P2_SP00096" WIDTH="0" HPOS="0" VPOS="0" />
            <String ID="P2_S00108" HPOS="1219" VPOS="2019" WIDTH="103" HEIGHT="78" STYLEREFS="StyleId-0" CONTENT="the" WC="0.76" CC="204" />
            <SP ID="P2_SP00097" WIDTH="0" HPOS="0" VPOS="0" />
            <String ID="P2_S00109" HPOS="1351" VPOS="2016" WIDTH="237" HEIGHT="81" STYLEREFS="StyleId-0" CONTENT="Sacred" WC="0.973333359" CC="100000" />
            <SP ID="P2_SP00098" WIDTH="0" HPOS="0" VPOS="0" />
            <String ID="P2_S00110" HPOS="1618" VPOS="2016" WIDTH="165" HEIGHT="81" STYLEREFS="StyleId-0" CONTENT="Harp" WC="1" CC="0000" />
            <SP ID="P2_SP00099" WIDTH="0" HPOS="0" VPOS="0" />
            <String ID="P2_S00111" HPOS="1809" VPOS="2013" WIDTH="213" HEIGHT="84" STYLEREFS="StyleId-0" CONTENT="music." WC="0.9633333" CC="000020" />
            <SP ID="P2_SP00100" WIDTH="0" HPOS="0" VPOS="0" />
            <String ID="P2_S00112" HPOS="2077" VPOS="2011" WIDTH="12" HEIGHT="85" STYLEREFS="StyleId-0" CONTENT="I" WC="1" CC="0" />
            <SP ID="P2_SP00101" WIDTH="0" HPOS="0" VPOS="0" />
            <String ID="P2_S00113" HPOS="2115" VPOS="2013" WIDTH="84" HEIGHT="84" STYLEREFS="StyleId-0" CONTENT="do" WC="0.985" CC="00" />
            <SP ID="P2_SP00102" WIDTH="0" HPOS="0" VPOS="0" />
            <String ID="P2_S00114" HPOS="2226" VPOS="2007" WIDTH="357" HEIGHT="90" STYLEREFS="StyleId-0" CONTENT="appreciate" WC="0.941" CC="0000000040" />
            <SP ID="P2_SP00103" WIDTH="0" HPOS="0" VPOS="0" />
            <String ID="P2_S00115" HPOS="2608" VPOS="2019" WIDTH="150" HEIGHT="78" STYLEREFS="StyleId-0" CONTENT="your" WC="0.8875" CC="0400" />
          </TextLine>
          <TextLine ID="P2_TL00013" HPOS="222" VPOS="2124" WIDTH="2397" HEIGHT="58">
            <String ID="P2_S00116" HPOS="222" VPOS="2139" WIDTH="256" HEIGHT="63" STYLEREFS="StyleId-0" CONTENT="prayers" WC="0.857142866" CC="00010000" />
            <SP ID="P2_SP00104" WIDTH="0" HPOS="0" VPOS="0" />
            <String ID="P2_S00117" HPOS="505" VPOS="2121" WIDTH="126" HEIGHT="81" STYLEREFS="StyleId-0" CONTENT="and" WC="0.6166667" CC="064" />
            <SP ID="P2_SP00105" WIDTH="0" HPOS="0" VPOS="0" />
            <String ID="P2_S00118" HPOS="654" VPOS="2121" WIDTH="210" HEIGHT="81" STYLEREFS="StyleId-0" CONTENT="cards." WC="0.908333361" CC="500000" />
            <SP ID="P2_SP00106" WIDTH="0" HPOS="0" VPOS="0" />
            <String ID="P2_S00119" HPOS="918" VPOS="2119" WIDTH="39" HEIGHT="82" STYLEREFS="StyleId-0" CONTENT="It" WC="0.525" CC="45" />
            <SP ID="P2_SP00107" WIDTH="0" HPOS="0" VPOS="0" />
            <String ID="P2_S00120" HPOS="982" VPOS="2118" WIDTH="181" HEIGHT="84" STYLEREFS="StyleId-0" CONTENT="helps" WC="0.838" CC="60000" />
            <SP ID="P2_SP00108" WIDTH="0" HPOS="0" VPOS="0" />
            <String ID="P2_S00121" HPOS="1188" VPOS="2124" WIDTH="64" HEIGHT="78" STYLEREFS="StyleId-0" CONTENT="to" WC="0.695" CC="06" />
            <SP ID="P2_SP00109" WIDTH="0" HPOS="0" VPOS="0" />
            <String ID="P2_S00122" HPOS="1275" VPOS="2116" WIDTH="183" HEIGHT="85" STYLEREFS="StyleId-0" CONTENT="know" WC="0.6625" CC="7050" />
            <SP ID="P2_SP00110" WIDTH="0" HPOS="0" VPOS="0" />
            <String ID="P2_S00123" HPOS="1477" VPOS="2130" WIDTH="121" HEIGHT="72" STYLEREFS="StyleId-0" CONTENT="you" WC="0.566666663" CC="057" />
            <SP ID="P2_SP00111" WIDTH="0" HPOS="0" VPOS="0" />
            <String ID="P2_S00124" HPOS="1627" VPOS="2113" WIDTH="165" HEIGHT="88" STYLEREFS="StyleId-0" CONTENT="have" WC="0.5875" CC="3084" />
            <SP ID="P2_SP00112" WIDTH="0" HPOS="0" VPOS="0" />
            <String ID="P2_S00125" HPOS="1813" VPOS="2112" WIDTH="169" HEIGHT="90" STYLEREFS="StyleId-0" CONTENT="good" WC="0.7" CC="4340" />
            <SP ID="P2_SP00113" WIDTH="0" HPOS="0" VPOS="0" />
            <String ID="P2_S00126" HPOS="2008" VPOS="2107" WIDTH="231" HEIGHT="94" STYLEREFS="StyleId-0" CONTENT="friends" WC="0.795714259" CC="00001004" />
            <SP ID="P2_SP00114" WIDTH="0" HPOS="0" VPOS="0" />
            <String ID="P2_S00127" HPOS="2266" VPOS="2107" WIDTH="52" HEIGHT="94" STYLEREFS="StyleId-0" CONTENT="in" WC="0.89" CC="02" />
            <SP ID="P2_SP00115" WIDTH="0" HPOS="0" VPOS="0" />
            <String ID="P2_S00128" HPOS="2346" VPOS="2106" WIDTH="184" HEIGHT="96" STYLEREFS="StyleId-0" CONTENT="times" WC="0.91" CC="40000" />
            <SP ID="P2_SP00116" WIDTH="0" HPOS="0" VPOS="0" />
            <String ID="P2_S00129" HPOS="2554" VPOS="2103" WIDTH="64" HEIGHT="99" STYLEREFS="StyleId-0" CONTENT="of" WC="0.605" CC="34" />
          </TextLine>
          <TextLine ID="P2_TL00014" HPOS="223" VPOS="2223" WIDTH="2491" HEIGHT="57">
            <String ID="P2_S00130" HPOS="223" VPOS="2223" WIDTH="297" HEIGHT="61" STYLEREFS="StyleId-0" CONTENT="sickness" WC="1" CC="00000000" />
            <SP ID="P2_SP00117" WIDTH="0" HPOS="0" VPOS="0" />
            <String ID="P2_S00131" HPOS="546" VPOS="2220" WIDTH="124" HEIGHT="64" STYLEREFS="StyleId-0" CONTENT="and" WC="1" CC="000" />
            <SP ID="P2_SP00118" WIDTH="0" HPOS="0" VPOS="0" />
            <String ID="P2_S00132" HPOS="697" VPOS="2218" WIDTH="255" HEIGHT="66" STYLEREFS="StyleId-0" CONTENT="trouble." WC="0.94875" CC="40000000" />
            <SP ID="P2_SP00119" WIDTH="0" HPOS="0" VPOS="0" />
            <String ID="P2_S00133" HPOS="1005" VPOS="2217" WIDTH="307" HEIGHT="67" STYLEREFS="StyleId-0" CONTENT="Continue" WC="0.94125" CC="00031000" />
            <SP ID="P2_SP00120" WIDTH="0" HPOS="0" VPOS="0" />
            <String ID="P2_S00134" HPOS="1338" VPOS="2221" WIDTH="60" HEIGHT="63" STYLEREFS="StyleId-0" CONTENT="to" WC="0.635" CC="70" />
            <SP ID="P2_SP00121" WIDTH="0" HPOS="0" VPOS="0" />
            <String ID="P2_S00135" HPOS="1426" VPOS="2212" WIDTH="351" HEIGHT="72" STYLEREFS="StyleId-0" CONTENT="remember" WC="0.92625" CC="50000000" />
            <SP ID="P2_SP00122" WIDTH="0" HPOS="0" VPOS="0" />
            <String ID="P2_S00136" HPOS="1801" VPOS="2227" WIDTH="102" HEIGHT="57" STYLEREFS="StyleId-0" CONTENT="me" WC="0.755" CC="04" />
            <SP ID="P2_SP00123" WIDTH="0" HPOS="0" VPOS="0" />
            <String ID="P2_S00137" HPOS="1929" VPOS="2209" WIDTH="54" HEIGHT="75" STYLEREFS="StyleId-0" CONTENT="in" WC="1" CC="00" />
            <SP ID="P2_SP00124" WIDTH="0" HPOS="0" VPOS="0" />
            <String ID="P2_S00138" HPOS="2010" VPOS="2223" WIDTH="151" HEIGHT="61" STYLEREFS="StyleId-0" CONTENT="your" WC="1" CC="0000" />
            <SP ID="P2_SP00125" WIDTH="0" HPOS="0" VPOS="0" />
            <String ID="P2_S00139" HPOS="2182" VPOS="2221" WIDTH="220" HEIGHT="63" STYLEREFS="StyleId-0" CONTENT="prayer" WC="1" CC="000000" />
            <SP ID="P2_SP00126" WIDTH="0" HPOS="0" VPOS="0" />
            <String ID="P2_S00140" HPOS="2424" VPOS="2205" WIDTH="90" HEIGHT="79" STYLEREFS="StyleId-0" CONTENT="for" WC="0.97" CC="000" />
            <SP ID="P2_SP00127" WIDTH="0" HPOS="0" VPOS="0" />
            <String ID="P2_S00141" HPOS="2538" VPOS="2203" WIDTH="36" HEIGHT="81" STYLEREFS="StyleId-0" CONTENT="it" WC="1" CC="00" />
            <SP ID="P2_SP00128" WIDTH="0" HPOS="0" VPOS="0" />
            <String ID="P2_S00142" HPOS="2598" VPOS="2202" WIDTH="51" HEIGHT="82" STYLEREFS="StyleId-0" CONTENT="is" WC="1" CC="00" />
            <SP ID="P2_SP00129" WIDTH="0" HPOS="0" VPOS="0" />
            <String ID="P2_S00143" HPOS="2674" VPOS="2217" WIDTH="40" HEIGHT="67" STYLEREFS="StyleId-0" CONTENT="a" WC="1" CC="0" />
          </TextLine>
          <TextLine ID="P2_TL00015" HPOS="222" VPOS="2323" WIDTH="792" HEIGHT="70">
            <String ID="P2_S00144" HPOS="222" VPOS="2338" WIDTH="147" HEIGHT="60" STYLEREFS="StyleId-0" CONTENT="very" WC="1" CC="0000" />
            <SP ID="P2_SP00130" WIDTH="0" HPOS="0" VPOS="0" />
            <String ID="P2_S00145" HPOS="393" VPOS="2322" WIDTH="187" HEIGHT="76" STYLEREFS="StyleId-0" CONTENT="trying" WC="0.885" CC="600000" />
            <SP ID="P2_SP00131" WIDTH="0" HPOS="0" VPOS="0" />
            <String ID="P2_S00146" HPOS="606" VPOS="2320" WIDTH="145" HEIGHT="78" STYLEREFS="StyleId-0" CONTENT="time" WC="0.9025" CC="3000" />
            <SP ID="P2_SP00132" WIDTH="0" HPOS="0" VPOS="0" />
            <String ID="P2_S00147" HPOS="777" VPOS="2319" WIDTH="91" HEIGHT="79" STYLEREFS="StyleId-0" CONTENT="for" WC="0.933333337" CC="020" />
            <SP ID="P2_SP00133" WIDTH="0" HPOS="0" VPOS="0" />
            <String ID="P2_S00148" HPOS="894" VPOS="2334" WIDTH="120" HEIGHT="64" STYLEREFS="StyleId-0" CONTENT="me." WC="0.99" CC="000" />
          </TextLine>
          <TextLine ID="P2_TL00016" HPOS="423" VPOS="2520" WIDTH="2328" HEIGHT="55">
            <String ID="P2_S00149" HPOS="423" VPOS="2520" WIDTH="156" HEIGHT="60" STYLEREFS="StyleId-0" CONTENT="Let's" WC="0.91" CC="00220" />
            <SP ID="P2_SP00134" WIDTH="0" HPOS="0" VPOS="0" />
            <String ID="P2_S00150" HPOS="606" VPOS="2518" WIDTH="205" HEIGHT="76" STYLEREFS="StyleId-0" CONTENT="speak" WC="1" CC="00000" />
            <SP ID="P2_SP00135" WIDTH="0" HPOS="0" VPOS="0" />
            <String ID="P2_S00151" HPOS="834" VPOS="2523" WIDTH="63" HEIGHT="72" STYLEREFS="StyleId-0" CONTENT="to" WC="0.85" CC="11" />
            <SP ID="P2_SP00136" WIDTH="0" HPOS="0" VPOS="0" />
            <String ID="P2_S00152" HPOS="924" VPOS="2532" WIDTH="126" HEIGHT="63" STYLEREFS="StyleId-0" CONTENT="one" WC="0.88" CC="102" />
            <SP ID="P2_SP00137" WIDTH="0" HPOS="0" VPOS="0" />
            <String ID="P2_S00153" HPOS="1078" VPOS="2514" WIDTH="261" HEIGHT="81" STYLEREFS="StyleId-0" CONTENT="another" WC="0.9071429" CC="0033000" />
            <SP ID="P2_SP00138" WIDTH="0" HPOS="0" VPOS="0" />
            <String ID="P2_S00154" HPOS="1360" VPOS="2512" WIDTH="133" HEIGHT="82" STYLEREFS="StyleId-0" CONTENT="with" WC="0.905" CC="0030" />
            <SP ID="P2_SP00139" WIDTH="0" HPOS="0" VPOS="0" />
            <String ID="P2_S00155" HPOS="1524" VPOS="2509" WIDTH="265" HEIGHT="85" STYLEREFS="StyleId-0" CONTENT="Psalms," WC="0.9085714" CC="2001002" />
            <SP ID="P2_SP00140" WIDTH="0" HPOS="0" VPOS="0" />
            <String ID="P2_S00156" HPOS="1821" VPOS="2508" WIDTH="240" HEIGHT="87" STYLEREFS="StyleId-0" CONTENT="hymns," WC="0.928333342" CC="000004" />
            <SP ID="P2_SP00141" WIDTH="0" HPOS="0" VPOS="0" />
            <String ID="P2_S00157" HPOS="2092" VPOS="2505" WIDTH="120" HEIGHT="90" STYLEREFS="StyleId-0" CONTENT="and" WC="1" CC="000" />
            <SP ID="P2_SP00142" WIDTH="0" HPOS="0" VPOS="0" />
            <String ID="P2_S00158" HPOS="2241" VPOS="2500" WIDTH="262" HEIGHT="94" STYLEREFS="StyleId-0" CONTENT="spiritual" WC="0.9288889" CC="000001040" />
            <SP ID="P2_SP00143" WIDTH="0" HPOS="0" VPOS="0" />
            <String ID="P2_S00159" HPOS="2530" VPOS="2514" WIDTH="220" HEIGHT="81" STYLEREFS="StyleId-0" CONTENT="songs." WC="1" CC="000000" />
          </TextLine>
          <TextLine ID="P2_TL00017" HPOS="228" VPOS="2619" WIDTH="2589" HEIGHT="54">
            <String ID="P2_S00160" HPOS="228" VPOS="2620" WIDTH="150" HEIGHT="75" STYLEREFS="StyleId-0" CONTENT="Sing" WC="0.9425" CC="2000" />
            <SP ID="P2_SP00144" WIDTH="0" HPOS="0" VPOS="0" />
            <String ID="P2_S00161" HPOS="406" VPOS="2619" WIDTH="127" HEIGHT="76" STYLEREFS="StyleId-0" CONTENT="and" WC="1" CC="000" />
            <SP ID="P2_SP00145" WIDTH="0" HPOS="0" VPOS="0" />
            <String ID="P2_S00162" HPOS="559" VPOS="2617" WIDTH="187" HEIGHT="78" STYLEREFS="StyleId-0" CONTENT="make" WC="0.8425" CC="0060" />
            <SP ID="P2_SP00146" WIDTH="0" HPOS="0" VPOS="0" />
            <String ID="P2_S00163" HPOS="775" VPOS="2616" WIDTH="199" HEIGHT="79" STYLEREFS="StyleId-0" CONTENT="music" WC="0.84" CC="07000" />
            <SP ID="P2_SP00147" WIDTH="0" HPOS="0" VPOS="0" />
            <String ID="P2_S00164" HPOS="1000" VPOS="2614" WIDTH="54" HEIGHT="81" STYLEREFS="StyleId-0" CONTENT="in" WC="1" CC="00" />
            <SP ID="P2_SP00148" WIDTH="0" HPOS="0" VPOS="0" />
            <String ID="P2_S00165" HPOS="1081" VPOS="2629" WIDTH="114" HEIGHT="66" STYLEREFS="StyleId-0" CONTENT="our" WC="0.6166667" CC="470" />
            <SP ID="P2_SP00149" WIDTH="0" HPOS="0" VPOS="0" />
            <String ID="P2_S00166" HPOS="1219" VPOS="2613" WIDTH="211" HEIGHT="82" STYLEREFS="StyleId-0" CONTENT="hearts" WC="0.7916667" CC="350300" />
            <SP ID="P2_SP00150" WIDTH="0" HPOS="0" VPOS="0" />
            <String ID="P2_S00167" HPOS="1455" VPOS="2616" WIDTH="61" HEIGHT="79" STYLEREFS="StyleId-0" CONTENT="to" WC="0.695" CC="06" />
            <SP ID="P2_SP00151" WIDTH="0" HPOS="0" VPOS="0" />
            <String ID="P2_S00168" HPOS="1540" VPOS="2608" WIDTH="105" HEIGHT="87" STYLEREFS="StyleId-0" CONTENT="the" WC="0.733333349" CC="080" />
            <SP ID="P2_SP00152" WIDTH="0" HPOS="0" VPOS="0" />
            <String ID="P2_S00169" HPOS="1671" VPOS="2607" WIDTH="168" HEIGHT="88" STYLEREFS="StyleId-0" CONTENT="Lord." WC="0.816" CC="44000" />
            <SP ID="P2_SP00153" WIDTH="0" HPOS="0" VPOS="0" />
            <String ID="P2_S00170" HPOS="1888" VPOS="2605" WIDTH="244" HEIGHT="90" STYLEREFS="StyleId-0" CONTENT="Always" WC="0.5316667" CC="6290100" />
            <SP ID="P2_SP00154" WIDTH="0" HPOS="0" VPOS="0" />
            <String ID="P2_S00171" HPOS="2155" VPOS="2602" WIDTH="141" HEIGHT="93" STYLEREFS="StyleId-0" CONTENT="give" WC="0.67" CC="00103" />
            <SP ID="P2_SP00155" WIDTH="0" HPOS="0" VPOS="0" />
            <String ID="P2_S00172" HPOS="2322" VPOS="2599" WIDTH="223" HEIGHT="96" STYLEREFS="StyleId-0" CONTENT="thanks" WC="0.608333349" CC="688000" />
            <SP ID="P2_SP00156" WIDTH="0" HPOS="0" VPOS="0" />
            <String ID="P2_S00173" HPOS="2571" VPOS="2604" WIDTH="61" HEIGHT="91" STYLEREFS="StyleId-0" CONTENT="to" WC="0.6" CC="16" />
            <SP ID="P2_SP00157" WIDTH="0" HPOS="0" VPOS="0" />
            <String ID="P2_S00174" HPOS="2658" VPOS="2596" WIDTH="159" HEIGHT="99" STYLEREFS="StyleId-0" CONTENT="God," WC="0.7" CC="0650" />
          </TextLine>
          <TextLine ID="P2_TL00018" HPOS="229" VPOS="2718" WIDTH="2524" HEIGHT="55">
            <String ID="P2_S00175" HPOS="229" VPOS="2719" WIDTH="103" HEIGHT="60" STYLEREFS="StyleId-0" CONTENT="the" WC="0.936666667" CC="100" />
            <SP ID="P2_SP00158" WIDTH="0" HPOS="0" VPOS="0" />
            <String ID="P2_S00176" HPOS="360" VPOS="2718" WIDTH="214" HEIGHT="69" STYLEREFS="StyleId-0" CONTENT="father," WC="0.9" CC="0040200" />
            <SP ID="P2_SP00159" WIDTH="0" HPOS="0" VPOS="0" />
            <String ID="P2_S00177" HPOS="603" VPOS="2716" WIDTH="93" HEIGHT="70" STYLEREFS="StyleId-0" CONTENT="for" WC="0.87" CC="030" />
            <SP ID="P2_SP00160" WIDTH="0" HPOS="0" VPOS="0" />
            <String ID="P2_S00178" HPOS="717" VPOS="2712" WIDTH="375" HEIGHT="76" STYLEREFS="StyleId-0" CONTENT="everything," WC="0.9227273" CC="00300200002" />
            <SP ID="P2_SP00161" WIDTH="0" HPOS="0" VPOS="0" />
            <String ID="P2_S00179" HPOS="1125" VPOS="2712" WIDTH="54" HEIGHT="76" STYLEREFS="StyleId-0" CONTENT="in" WC="1" CC="00" />
            <SP ID="P2_SP00162" WIDTH="0" HPOS="0" VPOS="0" />
            <String ID="P2_S00180" HPOS="1204" VPOS="2710" WIDTH="105" HEIGHT="78" STYLEREFS="StyleId-0" CONTENT="the" WC="0.8233333" CC="103" />
            <SP ID="P2_SP00163" WIDTH="0" HPOS="0" VPOS="0" />
            <String ID="P2_S00181" HPOS="1338" VPOS="2724" WIDTH="187" HEIGHT="64" STYLEREFS="StyleId-0" CONTENT="name" WC="1" CC="0000" />
            <SP ID="P2_SP00164" WIDTH="0" HPOS="0" VPOS="0" />
            <String ID="P2_S00182" HPOS="1552" VPOS="2706" WIDTH="61" HEIGHT="82" STYLEREFS="StyleId-0" CONTENT="of" WC="0.91" CC="10" />
            <SP ID="P2_SP00165" WIDTH="0" HPOS="0" VPOS="0" />
            <String ID="P2_S00183" HPOS="1638" VPOS="2721" WIDTH="109" HEIGHT="67" STYLEREFS="StyleId-0" CONTENT="our" WC="1" CC="000" />
            <SP ID="P2_SP00166" WIDTH="0" HPOS="0" VPOS="0" />
            <String ID="P2_S00184" HPOS="1773" VPOS="2704" WIDTH="166" HEIGHT="84" STYLEREFS="StyleId-0" CONTENT="Lord." WC="0.962" CC="01000" />
            <SP ID="P2_SP00167" WIDTH="0" HPOS="0" VPOS="0" />
            <String ID="P2_S00185" HPOS="1993" VPOS="2700" WIDTH="235" HEIGHT="88" STYLEREFS="StyleId-0" CONTENT="Submit" WC="0.9583333" CC="000002" />
            <SP ID="P2_SP00168" WIDTH="0" HPOS="0" VPOS="0" />
            <String ID="P2_S00186" HPOS="2253" VPOS="2706" WIDTH="61" HEIGHT="82" STYLEREFS="StyleId-0" CONTENT="to" WC="1" CC="00" />
            <SP ID="P2_SP00169" WIDTH="0" HPOS="0" VPOS="0" />
            <String ID="P2_S00187" HPOS="2340" VPOS="2713" WIDTH="126" HEIGHT="75" STYLEREFS="StyleId-0" CONTENT="one" WC="0.96" CC="100" />
            <SP ID="P2_SP00170" WIDTH="0" HPOS="0" VPOS="0" />
            <String ID="P2_S00188" HPOS="2491" VPOS="2695" WIDTH="262" HEIGHT="93" STYLEREFS="StyleId-0" CONTENT="another" WC="0.795714259" CC="0032800" />
          </TextLine>
          <TextLine ID="P2_TL00019" HPOS="232" VPOS="2817" WIDTH="1683" HEIGHT="61">
            <String ID="P2_S00189" HPOS="232" VPOS="2823" WIDTH="105" HEIGHT="54" STYLEREFS="StyleId-0" CONTENT="out" WC="0.86" CC="102" />
            <SP ID="P2_SP00171" WIDTH="0" HPOS="0" VPOS="0" />
            <String ID="P2_S00190" HPOS="363" VPOS="2815" WIDTH="61" HEIGHT="61" STYLEREFS="StyleId-0" CONTENT="of" WC="0.89" CC="20" />
            <SP ID="P2_SP00172" WIDTH="0" HPOS="0" VPOS="0" />
            <String ID="P2_S00191" HPOS="451" VPOS="2829" WIDTH="342" HEIGHT="48" STYLEREFS="StyleId-0" CONTENT="reverence" WC="0.99777776" CC="000000000" />
            <SP ID="P2_SP00173" WIDTH="0" HPOS="0" VPOS="0" />
            <String ID="P2_S00192" HPOS="817" VPOS="2812" WIDTH="93" HEIGHT="64" STYLEREFS="StyleId-0" CONTENT="for" WC="0.82" CC="050" />
            <SP ID="P2_SP00174" WIDTH="0" HPOS="0" VPOS="0" />
            <String ID="P2_S00193" HPOS="934" VPOS="2809" WIDTH="217" HEIGHT="67" STYLEREFS="StyleId-0" CONTENT="Christ." WC="0.952857137" CC="0000030" />
            <SP ID="P2_SP00175" WIDTH="0" HPOS="0" VPOS="0" />
            <String ID="P2_S00194" HPOS="1204" VPOS="2806" WIDTH="384" HEIGHT="78" STYLEREFS="StyleId-0" CONTENT="(Ephesians" WC="0.964" CC="3000000000" />
            <SP ID="P2_SP00176" WIDTH="0" HPOS="0" VPOS="0" />
            <String ID="P2_S00195" HPOS="1612" VPOS="2803" WIDTH="303" HEIGHT="81" STYLEREFS="StyleId-0" CONTENT="5:19-21)." WC="0.95" CC="040000000" />
          </TextLine>
          <TextLine ID="P2_TL00020" HPOS="424" VPOS="3009" WIDTH="2220" HEIGHT="58">
            <String ID="P2_S00196" HPOS="424" VPOS="3012" WIDTH="114" HEIGHT="60" STYLEREFS="StyleId-0" CONTENT="We" WC="1" CC="00" />
            <SP ID="P2_SP00177" WIDTH="0" HPOS="0" VPOS="0" />
            <String ID="P2_S00197" HPOS="565" VPOS="3027" WIDTH="109" HEIGHT="45" STYLEREFS="StyleId-0" CONTENT="are" WC="1" CC="000" />
            <SP ID="P2_SP00178" WIDTH="0" HPOS="0" VPOS="0" />
            <String ID="P2_S00198" HPOS="702" VPOS="3009" WIDTH="196" HEIGHT="75" STYLEREFS="StyleId-0" CONTENT="losing" WC="0.933333337" CC="300000" />
            <SP ID="P2_SP00179" WIDTH="0" HPOS="0" VPOS="0" />
            <String ID="P2_S00199" HPOS="927" VPOS="3004" WIDTH="237" HEIGHT="79" STYLEREFS="StyleId-0" CONTENT="ground" WC="0.9216667" CC="004000" />
            <SP ID="P2_SP00180" WIDTH="0" HPOS="0" VPOS="0" />
            <String ID="P2_S00200" HPOS="1191" VPOS="3003" WIDTH="165" HEIGHT="81" STYLEREFS="StyleId-0" CONTENT="each" WC="0.95" CC="0200" />
            <SP ID="P2_SP00181" WIDTH="0" HPOS="0" VPOS="0" />
            <String ID="P2_S00201" HPOS="1381" VPOS="3016" WIDTH="166" HEIGHT="67" STYLEREFS="StyleId-0" CONTENT="year." WC="0.93" CC="00300" />
            <SP ID="P2_SP00182" WIDTH="0" HPOS="0" VPOS="0" />
            <String ID="P2_S00202" HPOS="1597" VPOS="2998" WIDTH="144" HEIGHT="85" STYLEREFS="StyleId-0" CONTENT="This" WC="1" CC="0000" />
            <SP ID="P2_SP00183" WIDTH="0" HPOS="0" VPOS="0" />
            <String ID="P2_S00203" HPOS="1765" VPOS="3012" WIDTH="150" HEIGHT="72" STYLEREFS="StyleId-0" CONTENT="year" WC="1" CC="0000" />
            <SP ID="P2_SP00184" WIDTH="0" HPOS="0" VPOS="0" />
            <String ID="P2_S00204" HPOS="1938" VPOS="3010" WIDTH="96" HEIGHT="73" STYLEREFS="StyleId-0" CONTENT="we" WC="1" CC="00" />
            <SP ID="P2_SP00185" WIDTH="0" HPOS="0" VPOS="0" />
            <String ID="P2_S00205" HPOS="2064" VPOS="2994" WIDTH="118" HEIGHT="90" STYLEREFS="StyleId-0" CONTENT="had" WC="1" CC="000" />
            <SP ID="P2_SP00186" WIDTH="0" HPOS="0" VPOS="0" />
            <String ID="P2_S00206" HPOS="2217" VPOS="2995" WIDTH="75" HEIGHT="88" STYLEREFS="StyleId-0" CONTENT="10" WC="1" CC="00" />
            <SP ID="P2_SP00187" WIDTH="0" HPOS="0" VPOS="0" />
            <String ID="P2_S00207" HPOS="2320" VPOS="2988" WIDTH="324" HEIGHT="96" STYLEREFS="StyleId-0" CONTENT="additional" WC="0.816" CC="0080603000" />
          </TextLine>
          <TextLine ID="P2_TL00021" HPOS="232" VPOS="3106" WIDTH="2478" HEIGHT="58">
            <String ID="P2_S00208" HPOS="234" VPOS="3111" WIDTH="283" HEIGHT="76" STYLEREFS="StyleId-0" CONTENT="singings" WC="0.9275" CC="00005000" />
            <SP ID="P2_SP00188" WIDTH="0" HPOS="0" VPOS="0" />
            <String ID="P2_S00209" HPOS="541" VPOS="3105" WIDTH="457" HEIGHT="82" STYLEREFS="StyleId-0" CONTENT="discontinued." WC="0.9430769" CC="0000403000000" />
            <SP ID="P2_SP00189" WIDTH="0" HPOS="0" VPOS="0" />
            <String ID="P2_S00210" HPOS="1053" VPOS="3103" WIDTH="57" HEIGHT="84" STYLEREFS="StyleId-0" CONTENT="In" WC="1" CC="00" />
            <SP ID="P2_SP00190" WIDTH="0" HPOS="0" VPOS="0" />
            <String ID="P2_S00211" HPOS="1134" VPOS="3102" WIDTH="108" HEIGHT="85" STYLEREFS="StyleId-0" CONTENT="the" WC="0.8233333" CC="302" />
            <SP ID="P2_SP00191" WIDTH="0" HPOS="0" VPOS="0" />
            <String ID="P2_S00212" HPOS="1267" VPOS="3100" WIDTH="117" HEIGHT="87" STYLEREFS="StyleId-0" CONTENT="last" WC="0.97" CC="1000" />
            <SP ID="P2_SP00192" WIDTH="0" HPOS="0" VPOS="0" />
            <String ID="P2_S00213" HPOS="1407" VPOS="3114" WIDTH="166" HEIGHT="73" STYLEREFS="StyleId-0" CONTENT="year," WC="0.874" CC="00600" />
            <SP ID="P2_SP00193" WIDTH="0" HPOS="0" VPOS="0" />
            <String ID="P2_S00214" HPOS="1600" VPOS="3112" WIDTH="99" HEIGHT="75" STYLEREFS="StyleId-0" CONTENT="we" WC="0.855" CC="02" />
            <SP ID="P2_SP00194" WIDTH="0" HPOS="0" VPOS="0" />
            <String ID="P2_S00215" HPOS="1725" VPOS="3096" WIDTH="162" HEIGHT="91" STYLEREFS="StyleId-0" CONTENT="have" WC="1" CC="0000" />
            <SP ID="P2_SP00195" WIDTH="0" HPOS="0" VPOS="0" />
            <String ID="P2_S00216" HPOS="1915" VPOS="3094" WIDTH="117" HEIGHT="93" STYLEREFS="StyleId-0" CONTENT="lost" WC="0.905" CC="2100" />
            <SP ID="P2_SP00196" WIDTH="0" HPOS="0" VPOS="0" />
            <String ID="P2_S00217" HPOS="2055" VPOS="3108" WIDTH="42" HEIGHT="79" STYLEREFS="StyleId-0" CONTENT="a" WC="0.72" CC="2" />
            <SP ID="P2_SP00197" WIDTH="0" HPOS="0" VPOS="0" />
            <String ID="P2_S00218" HPOS="2121" VPOS="3090" WIDTH="142" HEIGHT="97" STYLEREFS="StyleId-0" CONTENT="total" WC="0.91" CC="04000" />
            <SP ID="P2_SP00198" WIDTH="0" HPOS="0" VPOS="0" />
            <String ID="P2_S00219" HPOS="2287" VPOS="3088" WIDTH="66" HEIGHT="99" STYLEREFS="StyleId-0" CONTENT="of" WC="0.84" CC="30" />
            <SP ID="P2_SP00199" WIDTH="0" HPOS="0" VPOS="0" />
            <String ID="P2_S00220" HPOS="2374" VPOS="3091" WIDTH="84" HEIGHT="96" STYLEREFS="StyleId-0" CONTENT="50" WC="0.73" CC="05" />
            <SP ID="P2_SP00200" WIDTH="0" HPOS="0" VPOS="0" />
            <String ID="P2_S00221" HPOS="2482" VPOS="3084" WIDTH="228" HEIGHT="103" STYLEREFS="StyleId-0" CONTENT="annual" WC="0.7216667" CC="970000" />
          </TextLine>
          <TextLine ID="P2_TL00022" HPOS="235" VPOS="3204" WIDTH="2406" HEIGHT="60">
            <String ID="P2_S00222" HPOS="235" VPOS="3208" WIDTH="301" HEIGHT="76" STYLEREFS="StyleId-0" CONTENT="singings." WC="0.951111138" CC="000000004" />
            <SP ID="P2_SP00201" WIDTH="0" HPOS="0" VPOS="0" />
            <String ID="P2_S00223" HPOS="588" VPOS="3207" WIDTH="199" HEIGHT="78" STYLEREFS="StyleId-0" CONTENT="Some" WC="0.8925" CC="0003" />
            <SP ID="P2_SP00202" WIDTH="0" HPOS="0" VPOS="0" />
            <String ID="P2_S00224" HPOS="816" VPOS="3202" WIDTH="64" HEIGHT="82" STYLEREFS="StyleId-0" CONTENT="of" WC="0.765" CC="40" />
            <SP ID="P2_SP00203" WIDTH="0" HPOS="0" VPOS="0" />
            <String ID="P2_S00225" HPOS="900" VPOS="3202" WIDTH="121" HEIGHT="82" STYLEREFS="StyleId-0" CONTENT="this" WC="0.85" CC="5000" />
            <SP ID="P2_SP00204" WIDTH="0" HPOS="0" VPOS="0" />
            <String ID="P2_S00226" HPOS="1048" VPOS="3201" WIDTH="52" HEIGHT="84" STYLEREFS="StyleId-0" CONTENT="is" WC="1" CC="00" />
            <SP ID="P2_SP00205" WIDTH="0" HPOS="0" VPOS="0" />
            <String ID="P2_S00227" HPOS="1125" VPOS="3199" WIDTH="126" HEIGHT="85" STYLEREFS="StyleId-0" CONTENT="due" WC="1" CC="000" />
            <SP ID="P2_SP00206" WIDTH="0" HPOS="0" VPOS="0" />
            <String ID="P2_S00228" HPOS="1276" VPOS="3205" WIDTH="63" HEIGHT="79" STYLEREFS="StyleId-0" CONTENT="to" WC="0.56" CC="35" />
            <SP ID="P2_SP00207" WIDTH="0" HPOS="0" VPOS="0" />
            <String ID="P2_S00229" HPOS="1362" VPOS="3195" WIDTH="189" HEIGHT="90" STYLEREFS="StyleId-0" CONTENT="death" WC="0.906" CC="00040" />
            <SP ID="P2_SP00208" WIDTH="0" HPOS="0" VPOS="0" />
            <String ID="P2_S00230" HPOS="1579" VPOS="3208" WIDTH="66" HEIGHT="76" STYLEREFS="StyleId-0" CONTENT="or" WC="0.855" CC="20" />
            <SP ID="P2_SP00209" WIDTH="0" HPOS="0" VPOS="0" />
            <String ID="P2_S00231" HPOS="1669" VPOS="3192" WIDTH="292" HEIGHT="93" STYLEREFS="StyleId-0" CONTENT="sickness" WC="0.95375" CC="00000300" />
            <SP ID="P2_SP00210" WIDTH="0" HPOS="0" VPOS="0" />
            <String ID="P2_S00232" HPOS="1987" VPOS="3189" WIDTH="64" HEIGHT="96" STYLEREFS="StyleId-0" CONTENT="of" WC="0.805" CC="30" />
            <SP ID="P2_SP00211" WIDTH="0" HPOS="0" VPOS="0" />
            <String ID="P2_S00233" HPOS="2076" VPOS="3202" WIDTH="109" HEIGHT="82" STYLEREFS="StyleId-0" CONTENT="our" WC="0.99666667" CC="000" />
            <SP ID="P2_SP00212" WIDTH="0" HPOS="0" VPOS="0" />
            <String ID="P2_S00234" HPOS="2208" VPOS="3184" WIDTH="240" HEIGHT="100" STYLEREFS="StyleId-0" CONTENT="Sacred" WC="0.99" CC="000000" />
            <SP ID="P2_SP00213" WIDTH="0" HPOS="0" VPOS="0" />
            <String ID="P2_S00235" HPOS="2476" VPOS="3183" WIDTH="165" HEIGHT="102" STYLEREFS="StyleId-0" CONTENT="Harp" WC="0.955" CC="1000" />
          </TextLine>
          <TextLine ID="P2_TL00023" HPOS="235" VPOS="3307" WIDTH="265" HEIGHT="76">
            <String ID="P2_S00236" HPOS="235" VPOS="3307" WIDTH="265" HEIGHT="78" STYLEREFS="StyleId-0" CONTENT="singers." WC="1" CC="00000000" />
          </TextLine>
          <TextLine ID="P2_TL00024" HPOS="432" VPOS="3496" WIDTH="2365" HEIGHT="60">
            <String ID="P2_S00237" HPOS="432" VPOS="3502" WIDTH="309" HEIGHT="61" STYLEREFS="StyleId-0" CONTENT="Continue" WC="0.8375" CC="03031050" />
            <SP ID="P2_SP00214" WIDTH="0" HPOS="0" VPOS="0" />
            <String ID="P2_S00238" HPOS="765" VPOS="3507" WIDTH="61" HEIGHT="57" STYLEREFS="StyleId-0" CONTENT="to" WC="0.66" CC="60" />
            <SP ID="P2_SP00215" WIDTH="0" HPOS="0" VPOS="0" />
            <String ID="P2_S00239" HPOS="853" VPOS="3498" WIDTH="165" HEIGHT="66" STYLEREFS="StyleId-0" CONTENT="send" WC="1" CC="0000" />
            <SP ID="P2_SP00216" WIDTH="0" HPOS="0" VPOS="0" />
            <String ID="P2_S00240" HPOS="1045" VPOS="3495" WIDTH="237" HEIGHT="69" STYLEREFS="StyleId-0" CONTENT="$25.00" WC="1" CC="000000" />
            <SP ID="P2_SP00217" WIDTH="0" HPOS="0" VPOS="0" />
            <String ID="P2_S00241" HPOS="1308" VPOS="3508" WIDTH="109" HEIGHT="61" STYLEREFS="StyleId-0" CONTENT="per" WC="0.83" CC="050" />
            <SP ID="P2_SP00218" WIDTH="0" HPOS="0" VPOS="0" />
            <String ID="P2_S00242" HPOS="1438" VPOS="3492" WIDTH="123" HEIGHT="78" STYLEREFS="StyleId-0" CONTENT="day" WC="0.84" CC="040" />
            <SP ID="P2_SP00219" WIDTH="0" HPOS="0" VPOS="0" />
            <String ID="P2_S00243" HPOS="1588" VPOS="3487" WIDTH="258" HEIGHT="82" STYLEREFS="StyleId-0" CONTENT="($26.50" WC="0.9057143" CC="1000004" />
            <SP ID="P2_SP00220" WIDTH="0" HPOS="0" VPOS="0" />
            <String ID="P2_S00244" HPOS="1870" VPOS="3486" WIDTH="90" HEIGHT="84" STYLEREFS="StyleId-0" CONTENT="for" WC="0.91" CC="020" />
            <SP ID="P2_SP00221" WIDTH="0" HPOS="0" VPOS="0" />
            <String ID="P2_S00245" HPOS="1986" VPOS="3481" WIDTH="291" HEIGHT="88" STYLEREFS="StyleId-0" CONTENT="Georgia)" WC="0.8975" CC="33000000" />
            <SP ID="P2_SP00222" WIDTH="0" HPOS="0" VPOS="0" />
            <String ID="P2_S00246" HPOS="2305" VPOS="3481" WIDTH="91" HEIGHT="88" STYLEREFS="StyleId-0" CONTENT="for" WC="1" CC="000" />
            <SP ID="P2_SP00223" WIDTH="0" HPOS="0" VPOS="0" />
            <String ID="P2_S00247" HPOS="2419" VPOS="3480" WIDTH="103" HEIGHT="90" STYLEREFS="StyleId-0" CONTENT="the" WC="0.9033333" CC="200" />
            <SP ID="P2_SP00224" WIDTH="0" HPOS="0" VPOS="0" />
            <String ID="P2_S00248" HPOS="2550" VPOS="3475" WIDTH="247" HEIGHT="94" STYLEREFS="StyleId-0" CONTENT="printing" WC="0.885" CC="00021004" />
          </TextLine>
          <TextLine ID="P2_TL00025" HPOS="240" VPOS="3597" WIDTH="2476" HEIGHT="46">
            <String ID="P2_S00249" HPOS="241" VPOS="3606" WIDTH="61" HEIGHT="60" STYLEREFS="StyleId-0" CONTENT="of" WC="1" CC="00" />
            <SP ID="P2_SP00225" WIDTH="0" HPOS="0" VPOS="0" />
            <String ID="P2_S00250" HPOS="325" VPOS="3606" WIDTH="106" HEIGHT="60" STYLEREFS="StyleId-0" CONTENT="the" WC="0.956666648" CC="100" />
            <SP ID="P2_SP00226" WIDTH="0" HPOS="0" VPOS="0" />
            <String ID="P2_S00251" HPOS="459" VPOS="3603" WIDTH="270" HEIGHT="63" STYLEREFS="StyleId-0" CONTENT="minutes" WC="0.878571451" CC="0002600" />
            <SP ID="P2_SP00227" WIDTH="0" HPOS="0" VPOS="0" />
            <String ID="P2_S00252" HPOS="753" VPOS="3600" WIDTH="93" HEIGHT="66" STYLEREFS="StyleId-0" CONTENT="for" WC="1" CC="000" />
            <SP ID="P2_SP00228" WIDTH="0" HPOS="0" VPOS="0" />
            <String ID="P2_S00253" HPOS="873" VPOS="3600" WIDTH="184" HEIGHT="66" STYLEREFS="StyleId-0" CONTENT="1990." WC="0.94" CC="00030" />
            <SP ID="P2_SP00229" WIDTH="0" HPOS="0" VPOS="0" />
            <String ID="P2_S00254" HPOS="1108" VPOS="3595" WIDTH="234" HEIGHT="70" STYLEREFS="StyleId-0" CONTENT="Please" WC="1" CC="000000" />
            <SP ID="P2_SP00230" WIDTH="0" HPOS="0" VPOS="0" />
            <String ID="P2_S00255" HPOS="1365" VPOS="3591" WIDTH="165" HEIGHT="75" STYLEREFS="StyleId-0" CONTENT="send" WC="1" CC="0000" />
            <SP ID="P2_SP00231" WIDTH="0" HPOS="0" VPOS="0" />
            <String ID="P2_S00256" HPOS="1557" VPOS="3589" WIDTH="103" HEIGHT="76" STYLEREFS="StyleId-0" CONTENT="the" WC="0.863333344" CC="400" />
            <SP ID="P2_SP00232" WIDTH="0" HPOS="0" VPOS="0" />
            <String ID="P2_S00257" HPOS="1689" VPOS="3586" WIDTH="265" HEIGHT="79" STYLEREFS="StyleId-0" CONTENT="minutes" WC="0.91" CC="0000410" />
            <SP ID="P2_SP00233" WIDTH="0" HPOS="0" VPOS="0" />
            <String ID="P2_S00258" HPOS="1980" VPOS="3586" WIDTH="54" HEIGHT="79" STYLEREFS="StyleId-0" CONTENT="in" WC="1" CC="00" />
            <SP ID="P2_SP00234" WIDTH="0" HPOS="0" VPOS="0" />
            <String ID="P2_S00259" HPOS="2058" VPOS="3583" WIDTH="106" HEIGHT="82" STYLEREFS="StyleId-0" CONTENT="the" WC="0.94" CC="001" />
            <SP ID="P2_SP00235" WIDTH="0" HPOS="0" VPOS="0" />
            <String ID="P2_S00260" HPOS="2193" VPOS="3586" WIDTH="141" HEIGHT="79" STYLEREFS="StyleId-0" CONTENT="next" WC="1" CC="0000" />
            <SP ID="P2_SP00236" WIDTH="0" HPOS="0" VPOS="0" />
            <String ID="P2_S00261" HPOS="2356" VPOS="3577" WIDTH="181" HEIGHT="88" STYLEREFS="StyleId-0" CONTENT="week" WC="0.94" CC="0020" />
            <SP ID="P2_SP00237" WIDTH="0" HPOS="0" VPOS="0" />
            <String ID="P2_S00262" HPOS="2565" VPOS="3576" WIDTH="151" HEIGHT="90" STYLEREFS="StyleId-0" CONTENT="after" WC="0.952" CC="10000" />
          </TextLine>
          <TextLine ID="P2_TL00026" HPOS="240" VPOS="3697" WIDTH="2422" HEIGHT="63">
            <String ID="P2_S00263" HPOS="240" VPOS="3706" WIDTH="105" HEIGHT="60" STYLEREFS="StyleId-0" CONTENT="the" WC="0.81" CC="500" />
            <SP ID="P2_SP00238" WIDTH="0" HPOS="0" VPOS="0" />
            <String ID="P2_S00264" HPOS="370" VPOS="3703" WIDTH="246" HEIGHT="78" STYLEREFS="StyleId-0" CONTENT="singing" WC="0.8742857" CC="0060020" />
            <SP ID="P2_SP00239" WIDTH="0" HPOS="0" VPOS="0" />
            <String ID="P2_S00265" HPOS="643" VPOS="3702" WIDTH="52" HEIGHT="79" STYLEREFS="StyleId-0" CONTENT="is" WC="0.905" CC="10" />
            <SP ID="P2_SP00240" WIDTH="0" HPOS="0" VPOS="0" />
            <String ID="P2_S00266" HPOS="723" VPOS="3699" WIDTH="162" HEIGHT="82" STYLEREFS="StyleId-0" CONTENT="held." WC="0.946" CC="00002" />
            <SP ID="P2_SP00241" WIDTH="0" HPOS="0" VPOS="0" />
            <String ID="P2_S00267" HPOS="939" VPOS="3697" WIDTH="37" HEIGHT="84" STYLEREFS="StyleId-0" CONTENT="If" WC="0.835" CC="30" />
            <SP ID="P2_SP00242" WIDTH="0" HPOS="0" VPOS="0" />
            <String ID="P2_S00268" HPOS="999" VPOS="3711" WIDTH="121" HEIGHT="70" STYLEREFS="StyleId-0" CONTENT="you" WC="0.97" CC="000" />
            <SP ID="P2_SP00243" WIDTH="0" HPOS="0" VPOS="0" />
            <String ID="P2_S00269" HPOS="1146" VPOS="3693" WIDTH="103" HEIGHT="88" STYLEREFS="StyleId-0" CONTENT="will" WC="1" CC="0000" />
            <SP ID="P2_SP00244" WIDTH="0" HPOS="0" VPOS="0" />
            <String ID="P2_S00270" HPOS="1278" VPOS="3693" WIDTH="81" HEIGHT="88" STYLEREFS="StyleId-0" CONTENT="do" WC="0.745" CC="05" />
            <SP ID="P2_SP00245" WIDTH="0" HPOS="0" VPOS="0" />
            <String ID="P2_S00271" HPOS="1384" VPOS="3690" WIDTH="135" HEIGHT="91" STYLEREFS="StyleId-0" CONTENT="this," WC="0.866" CC="30003" />
            <SP ID="P2_SP00246" WIDTH="0" HPOS="0" VPOS="0" />
            <String ID="P2_S00272" HPOS="1546" VPOS="3703" WIDTH="151" HEIGHT="78" STYLEREFS="StyleId-0" CONTENT="your" WC="0.965" CC="0100" />
            <SP ID="P2_SP00247" WIDTH="0" HPOS="0" VPOS="0" />
            <String ID="P2_S00273" HPOS="1722" VPOS="3684" WIDTH="241" HEIGHT="97" STYLEREFS="StyleId-0" CONTENT="singing" WC="1" CC="0000000" />
            <SP ID="P2_SP00248" WIDTH="0" HPOS="0" VPOS="0" />
            <String ID="P2_S00274" HPOS="1986" VPOS="3682" WIDTH="105" HEIGHT="99" STYLEREFS="StyleId-0" CONTENT="will" WC="0.9675" CC="0001" />
            <SP ID="P2_SP00249" WIDTH="0" HPOS="0" VPOS="0" />
            <String ID="P2_S00275" HPOS="2118" VPOS="3681" WIDTH="81" HEIGHT="100" STYLEREFS="StyleId-0" CONTENT="be" WC="1" CC="00" />
            <SP ID="P2_SP00250" WIDTH="0" HPOS="0" VPOS="0" />
            <String ID="P2_S00276" HPOS="2227" VPOS="3679" WIDTH="54" HEIGHT="102" STYLEREFS="StyleId-0" CONTENT="in" WC="0.91" CC="10" />
            <SP ID="P2_SP00251" WIDTH="0" HPOS="0" VPOS="0" />
            <String ID="P2_S00277" HPOS="2308" VPOS="3679" WIDTH="103" HEIGHT="102" STYLEREFS="StyleId-0" CONTENT="the" WC="0.6666667" CC="0100" />
            <SP ID="P2_SP00252" WIDTH="0" HPOS="0" VPOS="0" />
            <String ID="P2_S00278" HPOS="2440" VPOS="3691" WIDTH="220" HEIGHT="90" STYLEREFS="StyleId-0" CONTENT="proper" WC="0.938333333" CC="020000" />
          </TextLine>
          <TextLine ID="P2_TL00027" HPOS="243" VPOS="3805" WIDTH="199" HEIGHT="76">
            <String ID="P2_S00279" HPOS="243" VPOS="3805" WIDTH="199" HEIGHT="78" STYLEREFS="StyleId-0" CONTENT="place." WC="0.92" CC="000004" />
          </TextLine>
          <TextLine ID="P2_TL00028" HPOS="438" VPOS="3993" WIDTH="2292" HEIGHT="66">
            <String ID="P2_S00280" HPOS="438" VPOS="4002" WIDTH="156" HEIGHT="61" STYLEREFS="StyleId-0" CONTENT="Let's" WC="0.906" CC="00400" />
            <SP ID="P2_SP00253" WIDTH="0" HPOS="0" VPOS="0" />
            <String ID="P2_S00281" HPOS="621" VPOS="4015" WIDTH="82" HEIGHT="63" STYLEREFS="StyleId-0" CONTENT="go" WC="0.905" CC="01" />
            <SP ID="P2_SP00254" WIDTH="0" HPOS="0" VPOS="0" />
            <String ID="P2_S00282" HPOS="729" VPOS="3997" WIDTH="120" HEIGHT="81" STYLEREFS="StyleId-0" CONTENT="this" WC="0.8975" CC="4000" />
            <SP ID="P2_SP00255" WIDTH="0" HPOS="0" VPOS="0" />
            <String ID="P2_S00283" HPOS="873" VPOS="4009" WIDTH="153" HEIGHT="69" STYLEREFS="StyleId-0" CONTENT="year" WC="0.9975" CC="0000" />
            <SP ID="P2_SP00256" WIDTH="0" HPOS="0" VPOS="0" />
            <String ID="P2_S00284" HPOS="1048" VPOS="3999" WIDTH="61" HEIGHT="79" STYLEREFS="StyleId-0" CONTENT="to" WC="1" CC="00" />
            <SP ID="P2_SP00257" WIDTH="0" HPOS="0" VPOS="0" />
            <String ID="P2_S00285" HPOS="1137" VPOS="3991" WIDTH="72" HEIGHT="87" STYLEREFS="StyleId-0" CONTENT="all" WC="0.9066667" CC="200" />
            <SP ID="P2_SP00258" WIDTH="0" HPOS="0" VPOS="0" />
            <String ID="P2_S00286" HPOS="1234" VPOS="3990" WIDTH="106" HEIGHT="88" STYLEREFS="StyleId-0" CONTENT="the" WC="1" CC="000" />
            <SP ID="P2_SP00259" WIDTH="0" HPOS="0" VPOS="0" />
            <String ID="P2_S00287" HPOS="1363" VPOS="3985" WIDTH="282" HEIGHT="93" STYLEREFS="StyleId-0" CONTENT="singings" WC="0.82625" CC="00050080" />
            <SP ID="P2_SP00260" WIDTH="0" HPOS="0" VPOS="0" />
            <String ID="P2_S00288" HPOS="1669" VPOS="3999" WIDTH="96" HEIGHT="79" STYLEREFS="StyleId-0" CONTENT="we" WC="0.925" CC="01" />
            <SP ID="P2_SP00261" WIDTH="0" HPOS="0" VPOS="0" />
            <String ID="P2_S00289" HPOS="1791" VPOS="3996" WIDTH="121" HEIGHT="82" STYLEREFS="StyleId-0" CONTENT="can" WC="0.966666639" CC="100" />
            <SP ID="P2_SP00262" WIDTH="0" HPOS="0" VPOS="0" />
            <String ID="P2_S00290" HPOS="1939" VPOS="3978" WIDTH="124" HEIGHT="100" STYLEREFS="StyleId-0" CONTENT="and" WC="0.863333344" CC="400" />
            <SP ID="P2_SP00263" WIDTH="0" HPOS="0" VPOS="0" />
            <String ID="P2_S00291" HPOS="2089" VPOS="3984" WIDTH="82" HEIGHT="94" STYLEREFS="StyleId-0" CONTENT="try" WC="0.793333352" CC="600" />
            <SP ID="P2_SP00264" WIDTH="0" HPOS="0" VPOS="0" />
            <String ID="P2_S00292" HPOS="2199" VPOS="3982" WIDTH="58" HEIGHT="96" STYLEREFS="StyleId-0" CONTENT="to" WC="0.85" CC="11" />
            <SP ID="P2_SP00265" WIDTH="0" HPOS="0" VPOS="0" />
            <String ID="P2_S00293" HPOS="2284" VPOS="3981" WIDTH="105" HEIGHT="97" STYLEREFS="StyleId-0" CONTENT="get" WC="0.74" CC="700" />
            <SP ID="P2_SP00266" WIDTH="0" HPOS="0" VPOS="0" />
            <String ID="P2_S00294" HPOS="2413" VPOS="3987" WIDTH="316" HEIGHT="91" STYLEREFS="StyleId-0" CONTENT="someone" WC="0.922857165" CC="0200200" />
          </TextLine>
          <TextLine ID="P2_TL00029" HPOS="241" VPOS="4093" WIDTH="2406" HEIGHT="58">
            <String ID="P2_S00295" HPOS="241" VPOS="4104" WIDTH="141" HEIGHT="60" STYLEREFS="StyleId-0" CONTENT="who" WC="1" CC="000" />
            <SP ID="P2_SP00267" WIDTH="0" HPOS="0" VPOS="0" />
            <String ID="P2_S00296" HPOS="411" VPOS="4102" WIDTH="118" HEIGHT="61" STYLEREFS="StyleId-0" CONTENT="has" WC="0.97" CC="000" />
            <SP ID="P2_SP00268" WIDTH="0" HPOS="0" VPOS="0" />
            <String ID="P2_S00297" HPOS="559" VPOS="4114" WIDTH="192" HEIGHT="49" STYLEREFS="StyleId-0" CONTENT="never" WC="0.948" CC="00020" />
            <SP ID="P2_SP00269" WIDTH="0" HPOS="0" VPOS="0" />
            <String ID="P2_S00298" HPOS="778" VPOS="4095" WIDTH="192" HEIGHT="69" STYLEREFS="StyleId-0" CONTENT="heard" WC="1" CC="00000" />
            <SP ID="P2_SP00270" WIDTH="0" HPOS="0" VPOS="0" />
            <String ID="P2_S00299" HPOS="999" VPOS="4092" WIDTH="117" HEIGHT="72" STYLEREFS="StyleId-0" CONTENT="this" WC="0.8825" CC="4000" />
            <SP ID="P2_SP00271" WIDTH="0" HPOS="0" VPOS="0" />
            <String ID="P2_S00300" HPOS="1144" VPOS="4089" WIDTH="199" HEIGHT="75" STYLEREFS="StyleId-0" CONTENT="music" WC="1" CC="00000" />
            <SP ID="P2_SP00272" WIDTH="0" HPOS="0" VPOS="0" />
            <String ID="P2_S00301" HPOS="1368" VPOS="4093" WIDTH="61" HEIGHT="70" STYLEREFS="StyleId-0" CONTENT="to" WC="0.705" CC="05" />
            <SP ID="P2_SP00273" WIDTH="0" HPOS="0" VPOS="0" />
            <String ID="P2_S00302" HPOS="1453" VPOS="4102" WIDTH="82" HEIGHT="61" STYLEREFS="StyleId-0" CONTENT="go" WC="0.835" CC="03" />
            <SP ID="P2_SP00274" WIDTH="0" HPOS="0" VPOS="0" />
            <String ID="P2_S00303" HPOS="1558" VPOS="4083" WIDTH="135" HEIGHT="81" STYLEREFS="StyleId-0" CONTENT="with" WC="0.8875" CC="0040" />
            <SP ID="P2_SP00275" WIDTH="0" HPOS="0" VPOS="0" />
            <String ID="P2_S00304" HPOS="1725" VPOS="4098" WIDTH="93" HEIGHT="66" STYLEREFS="StyleId-0" CONTENT="us." WC="0.8566667" CC="004" />
            <SP ID="P2_SP00276" WIDTH="0" HPOS="0" VPOS="0" />
            <String ID="P2_S00305" HPOS="1866" VPOS="4080" WIDTH="172" HEIGHT="84" STYLEREFS="StyleId-0" CONTENT="They" WC="1" CC="0000" />
            <SP ID="P2_SP00277" WIDTH="0" HPOS="0" VPOS="0" />
            <String ID="P2_S00306" HPOS="2065" VPOS="4092" WIDTH="139" HEIGHT="72" STYLEREFS="StyleId-0" CONTENT="may" WC="0.93" CC="020" />
            <SP ID="P2_SP00278" WIDTH="0" HPOS="0" VPOS="0" />
            <String ID="P2_S00307" HPOS="2227" VPOS="4074" WIDTH="256" HEIGHT="90" STYLEREFS="StyleId-0" CONTENT="wonder" WC="0.86833334" CC="040030" />
            <SP ID="P2_SP00279" WIDTH="0" HPOS="0" VPOS="0" />
            <String ID="P2_S00308" HPOS="2509" VPOS="4072" WIDTH="138" HEIGHT="91" STYLEREFS="StyleId-0" CONTENT="how" WC="0.8833333" CC="030" />
          </TextLine>
          <TextLine ID="P2_TL00030" HPOS="243" VPOS="4197" WIDTH="1104" HEIGHT="73">
            <String ID="P2_S00309" HPOS="243" VPOS="4204" WIDTH="241" HEIGHT="73" STYLEREFS="StyleId-0" CONTENT="they've" WC="0.7242857" CC="01030302" />
            <SP ID="P2_SP00280" WIDTH="0" HPOS="0" VPOS="0" />
            <String ID="P2_S00310" HPOS="508" VPOS="4216" WIDTH="174" HEIGHT="61" STYLEREFS="StyleId-0" CONTENT="gone" WC="0.3925" CC="5692" />
            <SP ID="P2_SP00281" WIDTH="0" HPOS="0" VPOS="0" />
            <String ID="P2_S00311" HPOS="706" VPOS="4197" WIDTH="121" HEIGHT="81" STYLEREFS="StyleId-0" CONTENT="this" WC="0.7975" CC="4030" />
            <SP ID="P2_SP00282" WIDTH="0" HPOS="0" VPOS="0" />
            <String ID="P2_S00312" HPOS="853" VPOS="4195" WIDTH="142" HEIGHT="82" STYLEREFS="StyleId-0" CONTENT="long" WC="0.5" CC="1674" />
            <SP ID="P2_SP00283" WIDTH="0" HPOS="0" VPOS="0" />
            <String ID="P2_S00313" HPOS="1021" VPOS="4191" WIDTH="247" HEIGHT="87" STYLEREFS="StyleId-0" CONTENT="without" WC="0.698571444" CC="0050473" />
            <SP ID="P2_SP00284" WIDTH="0" HPOS="0" VPOS="0" />
            <String ID="P2_S00314" HPOS="1294" VPOS="4188" WIDTH="52" HEIGHT="90" STYLEREFS="StyleId-0" CONTENT="it!" WC="0.81" CC="013" />
          </TextLine>
          <TextLine ID="P2_TL00031" HPOS="1972" VPOS="4375" WIDTH="336" HEIGHT="70">
            <String ID="P2_S00315" HPOS="1972" VPOS="4372" WIDTH="336" HEIGHT="75" STYLEREFS="StyleId-0" CONTENT="Sincerely," WC="0.832" CC="04001001100" />
          </TextLine>
          <TextLine ID="P2_TL00032" HPOS="1977" VPOS="4473" WIDTH="787" HEIGHT="67">
            <String ID="P2_S00316" HPOS="1977" VPOS="4473" WIDTH="163" HEIGHT="60" STYLEREFS="StyleId-0" CONTENT="Nora" WC="0.8675" CC="0500" />
            <SP ID="P2_SP00285" WIDTH="0" HPOS="0" VPOS="0" />
            <String ID="P2_S00317" HPOS="2169" VPOS="4470" WIDTH="237" HEIGHT="69" STYLEREFS="StyleId-0" CONTENT="Parker," WC="0.9728571" CC="0000001" />
            <SP ID="P2_SP00286" WIDTH="0" HPOS="0" VPOS="0" />
            <String ID="P2_S00318" HPOS="2437" VPOS="4468" WIDTH="327" HEIGHT="72" STYLEREFS="StyleId-0" CONTENT="Secretary" WC="0.92" CC="300003000" />
          </TextLine>
          <TextLine ID="P2_TL00033" HPOS="1659" VPOS="4579" WIDTH="21" HEIGHT="55">
            <String ID="P2_S00319" HPOS="1659" VPOS="4579" WIDTH="21" HEIGHT="55" STYLEREFS="StyleId-0" CONTENT="1" WC="1" CC="0" />
          </TextLine>
        </TextBlock>
      </PrintSpace>
    </Page>
  </Layout>
</alto>