3187 4974
204 172 370 79 Chairman,
631 183 264 79 Johnny
955 189 303 73 Humber;
1317 193 154 69 Vice
1530 195 369 69 Chairman,
1963 193 222 70 Linton
2248 190 343 75 Ballinger;
2653 184 354 81 Secretary,

204 270 139 64 Lisa
394 276 330 82 Ballinger.

490 382 472 84 WARRIOR
999 391 288 78 RIVER
1317 391 357 79 -CLEAR
1705 393 336 79 CREEK
2070 385 663 87 CONVENTION

957 514 207 60 Mount
1192 516 225 60 Moriah
1449 517 289 60 Primitive
1765 517 232 78 Baptist
2023 514 244 81 Church

1306 613 240 76 August
1570 618 54 72 5,
1656 615 57 75 6,
1746 615 162 75 1989

385 699 100 61 On
534 702 315 79 Saturday
894 709 279 76 morning
1218 709 105 76 the
1368 726 127 60 one
1540 711 604 75 hundred-fifteenth
2190 708 268 78 session
2508 708 61 78 of
2611 708 108 78 the
2763 709 235 76 Warrior

199 792 183 63 River
423 798 399 64 Convention
867 805 126 60 and
1038 807 106 60 the
1189 808 147 58 90th
1381 808 267 60 session
1692 810 67 58 of
1795 810 106 58 the
1947 810 192 58 Clear
2181 807 213 61 Creek
2437 805 396 64 Convention
2875 828 117 48 was

195 892 202 60 called
438 901 63 54 to
543 898 184 61 order
765 900 79 75 by
886 900 285 79 Douglas
1213 904 180 75 Conn
1438 906 247 78 leading
1728 921 207 63 songs
1977 922 81 61 on
2101 921 213 63 pages
2356 907 84 76 32
2484 904 124 79 and
2653 907 99 76 61.
2799 909 195 75 Lamar

195 988 195 63 Smith
433 993 99 61 led
571 996 108 60 the
720 999 276 78 morning
1039 1015 237 61 prayer.
1323 1002 283 78 Douglas
1645 1003 181 76 Conn
1869 1002 99 78 led
2007 1018 169 61 song
2218 1020 79 60 on
2341 1020 172 63 page
2559 1005 139 78 159.
2745 1006 249 76 Leaders

193 1089 229 63 called:
522 1092 342 64 Lawrence
918 1096 421 73 Underwood,
1395 1102 147 69 275,
1596 1102 151 70 300;
1840 1101 202 72 Jewel
2094 1101 322 73 Wootten,
2469 1104 105 70 29,
2628 1105 148 73 270;
2824 1107 160 82 Terry

195 1185 250 76 Hullett,
508 1192 106 72 37,
681 1194 108 72 40;
850 1195 183 78 Virgil
1096 1197 279 79 Phillips,
1446 1201 147 75 137;
1656 1198 285 78 Carmon
2007 1201 328 75 Brothers,
2406 1203 147 73 146,
2616 1206 151 72 490;
2827 1207 154 70 Cecil

193 1285 316 76 Gilliland,
585 1293 147 70 171,
802 1296 154 69 345;
1024 1294 198 70 Leola
1288 1297 202 67 Smith
1558 1296 129 69 and
1756 1299 237 66 Eldora
2059 1299 262 78 Moody,
2391 1303 153 73 441,
2613 1306 151 70 217;
2829 1308 151 69 Alice

189 1383 393 76 Washburn,
646 1392 154 69 207;
870 1390 318 70 Freeman
1251 1393 322 73 Wootten,
1641 1399 108 67 63;
1809 1398 60 69 J.
1936 1398 58 69 L.
2059 1398 217 73 Oden,
2341 1404 106 69 39,
2515 1405 153 69 410;
2731 1407 246 67 Shelton

187 1479 414 78 Williamson,
666 1489 144 69 155,
874 1491 144 67 189.

190 1578 295 64 RECESS.

372 1678 135 60 The
549 1681 181 58 class
775 1684 301 58 resumed
1122 1686 247 78 singing
1411 1689 139 75 with
1597 1689 174 75 Ervin
1819 1690 297 73 Brothers
2161 1695 249 78 leading
2455 1713 166 63 song
2665 1716 78 60 on
2787 1717 184 63 pages

184 1774 133 60 457
385 1774 132 61 and
588 1777 355 63 "Beautiful
1014 1780 228 63 Land".
1317 1785 316 61 Leaders:
1705 1788 216 76 Henry
1984 1791 333 73 Johnson,
2395 1797 145 69 100,
2617 1800 144 69 111;
2829 1800 142 76 Hoyt

189 1869 300 72 Renfroe,
544 1876 151 67 400,
750 1878 106 67 34;
912 1876 246 69 Martha
1206 1881 343 72 Woodard,
1605 1885 148 69 331,
1807 1887 153 69 428;
2010 1888 57 67 J.
2121 1888 63 67 T.
2241 1888 183 67 Conn
2476 1894 127 61 and
2658 1896 310 63 Lawrence

186 1965 429 75 Underwood,
672 1972 196 69 448b,
925 1975 108 69 48;
1089 1974 241 70 Barrett
1381 1978 259 76 Ashley,
1696 1983 106 72 56,
1858 1983 151 72 343;
2068 1984 232 70 Rhoda
2353 1989 229 72 Norris,
2637 1992 145 70 234,
2833 1995 132 72 460;

186 2062 256 76 Harvey
508 2067 249 72 Austin,
834 2071 147 70 109,
1050 2074 154 69 335;
1273 2074 193 75 Lydia
1533 2077 300 73 Baswell,
1903 2083 151 70 418,
2127 2085 240 69 "Jesus
2436 2086 159 67 Died
2662 2089 114 64 For
2835 2091 135 73 Me";

184 2160 210 61 Milton
453 2163 231 73 Oliver,
742 2169 151 69 318,
952 2170 153 67 384.

184 2259 295 63 RECESS.

334 2359 285 81 Douglas
655 2364 181 76 Conn
874 2367 123 73 and
1039 2368 333 72 Lawrence
1410 2373 393 67 Underwood
1839 2377 201 63 called
2074 2380 106 60 the
2214 2382 175 60 class
2424 2385 285 76 together
2742 2386 217 78 leading

178 2473 165 61 song
387 2475 81 60 on
510 2476 172 61 page
723 2466 145 72 383.
915 2466 301 72 Leaders:
1258 2469 187 69 Linda
1485 2472 298 73 Thomas,
1833 2479 139 69 123,
2013 2479 150 72 287;
2208 2481 153 70 Pete
2403 2482 259 72 Hames,
2703 2488 136 69 569,
2880 2488 84 69 68;

180 2554 148 63 Mae
385 2557 342 79 Seymour,
787 2565 151 72 273,
996 2568 153 70 434;
1207 2568 273 70 Hershel
1540 2572 153 79 King
1749 2574 129 78 and
1932 2575 130 76 Tye
2119 2578 235 76 Bailey,
2412 2583 150 72 204,
2619 2583 145 72 454;
2817 2583 144 72 Aver

178 2655 234 73 Crider,
463 2661 150 70 316,
670 2664 144 70 192;
867 2662 157 72 Dula
1069 2665 223 75 Webb,
1342 2671 102 70 59,
1495 2673 103 70 58;
1648 2671 282 72 Thomas
1977 2676 282 78 Yancey,
2314 2682 141 72 112,
2505 2683 147 72 358;
2703 2683 168 72 Elder
2907 2683 46 72 J.

174 2755 75 60 O.
291 2755 304 79 Handley,
634 2761 105 73 47;
781 2761 282 79 Douglas
1101 2766 199 75 Conn,
1339 2769 135 72 Sue
1512 2770 178 70 Conn
1729 2773 124 67 and
1893 2775 187 66 Linda
2113 2778 277 63 Thomas
2428 2781 145 60 "Not
2611 2781 180 61 Made
2824 2781 129 61 With

178 2854 271 63 Hands".

175 2952 396 64 DISMISSED
594 2956 151 61 FOR
768 2958 261 63 LUNCH.

364 3051 133 61 The
543 3054 333 61 afternoon
922 3060 264 58 session
1231 3076 136 45 was
1413 3063 267 76 brought
1722 3067 294 75 together
2056 3069 79 75 by
2181 3072 285 76 Douglas
2512 3075 178 73 Conn
2737 3073 219 76 leading

169 3163 166 61 song
378 3165 82 60 on
501 3165 171 63 page
712 3156 144 72 546.
904 3154 297 73 Leaders:
1245 3159 217 69 Lamar
1500 3160 213 70 Smith,
1756 3165 100 67 36,
1900 3166 102 66 76.
2079 3168 67 64 S.
2188 3168 61 64 T.
2296 3169 198 72 Reed,
2542 3174 136 67 138,
2719 3174 135 67 313.
2890 3171 61 70 At

168 3246 126 58 this
348 3247 150 58 time
556 3264 39 43 a
652 3250 237 60 motion
943 3267 138 45 was
1138 3253 193 61 made
1386 3261 63 54 to
1503 3258 283 60 conduct
1839 3274 39 46 a
1932 3261 319 66 business
2307 3268 289 60 session.
2656 3268 292 78 Scripture

171 3343 258 78 reading
472 3346 67 75 of
576 3346 106 75 the
724 3349 153 72 23rd
922 3349 211 72 Psalm
1176 3351 126 70 and
1344 3367 223 61 prayer
1605 3355 78 75 by
1728 3355 154 75 Pete
1927 3358 262 72 Hames.
2239 3363 240 79 Dougls
2521 3367 178 75 Conn
2743 3366 138 76 read
2917 3381 31 61 a

169 3441 180 61 letter
441 3444 154 60 from
648 3445 108 60 the
808 3447 189 58 Clear
1045 3448 208 60 Creek
1303 3450 399 61 Convention
1755 3454 228 78 asking
2034 3463 64 69 to
2151 3462 169 70 unite
2370 3463 139 69 with
2559 3465 106 67 the
2715 3463 235 69 Warrior

168 3540 181 61 River
385 3541 396 61 Convention
822 3544 123 60 and
985 3546 274 58 become
1296 3547 219 60 known
1555 3564 78 45 as
1671 3550 105 60 the
1813 3552 132 61 The
1983 3555 261 64 Warrior
2280 3561 184 61 River
2499 3597 21 25 -
2560 3564 181 60 Clear
2776 3561 177 63 Creek

165 3639 421 61 Convention.
639 3640 39 60 It
718 3657 139 43 was
904 3643 228 60 moved
1180 3643 124 60 and
1350 3646 339 61 seconded
1735 3649 126 61 and
1906 3655 192 58 voted
2146 3658 447 78 unanimously
2637 3667 61 69 to
2742 3664 205 72 accept

162 3736 123 60 this
336 3744 285 72 request.
675 3738 132 78 The
856 3739 309 78 following
1218 3741 255 76 officers
1519 3759 171 58 were
1737 3747 282 70 elected:
2071 3753 366 76 Chairman,
2491 3760 183 76 Terry
2724 3760 220 76 Hullett;

160 3835 159 61 Vice
391 3837 381 73 Chairman,
847 3838 180 72 Cecil
1101 3840 319 72 Gilliland;
1492 3841 376 81 Secretary,
1947 3849 202 73 Linda
2217 3855 324 76 Thomas;
2610 3859 333 79 Arranging

160 3934 406 73 Committee,
622 3937 175 78 Virgil
852 3937 250 78 Phillips
1153 3939 126 76 and
1333 3939 174 76 Ervin
1561 3940 318 75 Brothers.
1936 3946 327 69 Memorial
2317 3957 405 75 Committee,
2772 3955 177 76 Jewel

157 4033 318 73 Wootten,
532 4035 193 72 Leola
777 4036 198 70 Smith
1029 4036 127 70 and
1210 4038 228 69 Eldora
1488 4039 256 76 Moody;
1800 4044 376 72 Resolution
2233 4053 408 81 Committee,
2698 4060 250 73 Carmon

159 4132 295 61 Brothers
493 4134 127 60 and
664 4134 283 78 Douglas
988 4135 201 76 Conn;
1233 4135 274 76 Finance
1548 4138 396 76 Committee,
1987 4146 169 69 Alice
2197 4150 358 67 Washburn
2599 4159 124 61 and
2766 4158 175 63 Helen

157 4231 310 72 Lambert;
516 4233 135 70 End
697 4233 66 70 of
805 4233 309 70 business
1158 4234 285 69 session.
1534 4236 303 67 Leaders:
1887 4242 184 64 Elder
2116 4246 141 64 Dee
2304 4252 273 79 Phillips,
2626 4260 147 72 207,
2820 4257 129 75 417;

156 4329 154 60 Eula
358 4329 325 72 Johnson,
739 4332 151 70 298;
945 4330 268 72 Preston
1267 4330 234 72 Crider,
1555 4335 148 70 390,
1759 4338 151 70 369;
1966 4341 271 67 Mitchell
2295 4348 322 78 Brothers,
2676 4359 103 69 75;
2832 4353 109 75 Phil

154 4426 325 70 Brothers,
538 4429 151 67 236,
751 4429 153 69 373;
963 4428 201 70 Steve
1222 4428 310 72 Lambert,
1593 4432 106 69 57;
1761 4434 184 76 Ruby
2001 4441 129 69 and
2187 4443 183 78 Virgil
2430 4447 280 84 Phillips,
2770 4453 177 78 378b;

148 4522 223 60 Arville
430 4522 207 76 Hyatt,
696 4525 153 73 376;
909 4524 268 76 Eugene
1236 4525 406 75 Blackwood,
1701 4531 150 70 378,
1909 4534 154 72 379;
2124 4537 186 69 Pearl
2368 4545 379 79 Galbreath,
2812 4552 127 72 134;

151 4620 237 61 Homer
438 4620 319 70 Brothers,
810 4623 151 69 354;
1014 4621 298 72 "Brown";
1366 4623 172 70 Cecil
1590 4624 313 76 Sanders,
1956 4633 132 67 340

1494 4723 118 58 118
