3150 4950
174 165 352 79 Kitchens;
610 174 432 81 Secretarys,
1131 180 180 78 Mary
1393 181 309 76 Gardner
1783 178 132 79 and
2002 177 180 81 Nora
2266 171 274 87 Parker;
2625 168 355 90 Arranging

172 267 408 78 Committee,
633 274 274 70 Charles
955 277 304 67 Kitchens
1309 280 124 64 and
1483 280 220 64 Arthur
1750 277 295 67 Gilmore.
2101 274 273 70 Preston
2427 268 220 76 Crider
2692 267 150 78 then
2892 270 87 75 led

171 382 171 64 song
397 385 82 61 on
532 387 177 64 page
760 378 103 73 53.
922 376 286 75 Leaders
1260 378 208 73 called
1519 393 195 58 were:
1768 375 274 76 Charles
2097 370 333 81 Kitchens,
2484 367 151 84 39b,
2692 367 103 84 72,
2848 370 135 81 37b;

175 466 243 64 Robert
474 471 324 81 Aldridge,
858 478 154 73 460,
1072 478 153 73 441;
1288 477 177 75 Cecil
1525 475 321 76 Sanders,
1906 475 154 76 340,
2121 472 159 79 314;
2341 468 163 84 Unie
2566 466 67 85 B.
2698 466 274 85 Howard,

178 568 145 70 163,
376 571 153 70 200;
583 571 199 78 Kathy
834 574 345 75 Chandler,
1237 577 144 72 155,
1434 577 151 72 354;
1635 574 166 75 Aver
1848 571 237 78 Crider,
2137 571 106 78 48,
2299 570 105 79 74,
2458 567 151 82 74b;
2661 567 318 82 Woodrow

177 664 247 73 Hocutt,
478 670 145 70 112,
679 673 142 69 192,
879 675 145 67 189;
1071 673 132 69 Ora
1251 673 126 69 Lee
1426 672 259 70 Fannin,
1734 672 150 70 384,
1935 670 103 72 67,
2086 669 154 73 471;
2287 666 171 76 Arrie
2505 664 336 78 Chandler,
2887 672 90 72 30,

178 765 150 70 141,
400 768 150 67 137.

177 861 297 63 RECESS.

343 960 132 60 The
516 961 178 61 class
729 979 139 43 was
909 964 202 58 called
1150 964 292 75 together
1477 964 79 75 by
1597 963 154 76 Furn
1794 961 298 78 Kitchens
2133 960 252 79 leading
2424 976 207 63 songs
2670 978 78 61 on
2787 978 189 64 pages

180 1059 145 69 136,
387 1060 123 67 139
564 1060 127 67 and
744 1063 150 64 434.
952 1062 307 66 Leaders:
1315 1060 208 75 Henry
1572 1060 324 75 Johnson,
1951 1060 148 75 445,
2155 1060 105 75 61,
2320 1060 145 75 100;
2517 1059 169 76 John
2740 1060 225 76 Hocutt,

180 1156 150 69 169,
399 1158 148 69 179,
610 1159 156 69 376;
828 1158 235 73 Jimmy
1123 1158 307 73 Gilmore,
1498 1159 148 72 143,
1716 1158 147 73 171,
1927 1158 156 73 288;
2143 1156 336 75 Willodine
2544 1158 225 73 Butler,
2830 1164 136 69 543;

178 1251 217 60 Elmer
468 1252 295 72 Conwill,
847 1255 151 69 146,
1077 1254 205 70 348b,
1363 1255 108 69 73;
1551 1252 238 72 Pernie
1867 1252 282 75 Pelfrey,
2233 1252 198 75 145b,
2509 1255 156 72 399;
2743 1255 225 79 Rupert

175 1348 394 79 Yarbrough,
627 1354 145 73 182,
823 1351 195 76 535b;
1069 1351 282 76 Sharron
1399 1351 271 76 Waters,
1720 1353 103 75 89,
1875 1353 106 75 40;
2031 1351 273 76 Charles
2352 1351 321 76 Kitchens,
2721 1356 141 72 333.

180 1446 394 63 DISMISSED
598 1449 151 60 FOR
771 1449 262 60 LUNCH.

381 1546 133 60 The
562 1548 336 60 afternoon
945 1548 270 60 session
1260 1564 139 43 was
1444 1548 204 60 called
1695 1554 64 54 to
1806 1549 187 58 order
2035 1549 78 75 by
2161 1549 268 75 Preston
2478 1551 214 73 Crider
2734 1552 228 79 leading

177 1660 168 61 song
393 1660 81 61 on
520 1662 172 61 page
736 1648 130 75 369
910 1647 126 76 and
1081 1648 148 75 377.
1279 1647 304 76 Leaders:
1630 1647 229 76 Bertha
1905 1647 286 76 Henson,
2239 1650 102 73 77,
2388 1651 144 72 565,
2578 1653 145 70 200;
2767 1651 196 78 Toney

178 1743 231 72 Smith,
484 1746 148 70 135,
699 1746 156 70 418,
930 1747 150 69 173;
1149 1746 303 70 Lauretta
1518 1746 204 72 Price,
1789 1749 153 70 313,
2010 1749 156 70 480;
2235 1747 214 76 Becky
2518 1749 241 78 Briggs,
2823 1753 136 73 317,

177 1843 154 70 290;
379 1842 231 72 Ozella
660 1843 249 72 Chafin,
967 1846 147 69 101;
1167 1845 270 70 Micheal
1489 1845 246 72 Hinton,
1788 1848 148 69 404,
1987 1848 148 70 235,
2187 1849 151 69 388;
2392 1848 178 70 Rosa
2703 1849 262 78 Hughes,

177 1942 153 69 275,
381 1944 153 69 224;
588 1942 169 70 Elsie
811 1942 298 76 Beasley,
1162 1945 150 73 402,
1363 1947 150 72 432,
1566 1947 150 72 569;
1767 1945 147 73 Mae
1963 1945 333 76 Seymour,
2350 1948 102 73 97,
2503 1948 148 73 304;
2703 1948 258 73 Frances

181 2040 148 70 Lee,
387 2041 145 69 159,
585 2040 151 72 73b;
789 2041 138 70 Bob
976 2041 259 72 Fannin,
1287 2044 151 69 403;
1489 2043 171 76 Mary
1708 2044 309 75 Gardner,
2068 2047 147 72 421,
2274 2047 142 72 181;
2466 2046 222 73 Ozella
2733 2047 223 72 Chafin,

178 2140 148 57 422.
376 2137 273 60 Preston
694 2139 217 60 Crider
987 2140 151 58 then
1185 2140 99 60 led
1327 2157 208 61 songs
1579 2158 79 60 on
1705 2158 208 60 pages
1956 2145 127 73 236
2128 2143 124 75 and
2301 2146 123 72 140
2464 2145 91 73 for
2595 2145 103 73 the
2739 2145 219 76 closing

178 2251 190 60 song.
409 2236 135 75 The
585 2236 180 75 class
801 2253 139 58 was
979 2238 348 73 dismissed
1368 2239 135 72 with
1546 2256 223 60 prayer
1806 2241 78 75 by
1924 2241 153 75 Furn
2119 2241 316 75 Kitchens.

180 2332 369 72 Chairman,
604 2334 273 70 Preston
928 2335 237 70 Crider;
1215 2335 151 70 Vice
1419 2337 360 70 Chairman,
1833 2338 154 69 Furn
2041 2338 321 70 Kitchens;
2413 2338 351 75 Secretary,
2815 2340 148 73 Mary

181 2433 316 60 Gardner.

1186 2539 402 79 EMMAUS
1612 2539 397 79 CHURCH

1114 2662 198 60 South
1339 2664 63 58 of
1423 2664 348 69 Carrollton,
1800 2664 270 76 Georgia

1386 2763 138 75 May
1549 2764 55 73 7,
1639 2764 162 73 1989

378 2859 135 61 The
559 2860 235 60 annual
843 2860 73 60 all
961 2860 126 75 day
1132 2860 246 75 Sacred
1425 2860 168 76 Harp
1636 2860 259 78 Singing
1944 2868 63 70 at
2053 2862 301 76 Emmaus
2401 2860 295 78 Primitive
2743 2859 213 79 Baptist

181 2959 252 60 Church
477 2974 139 45 was
663 2959 141 60 held
847 2959 108 60 the
999 2959 129 60 first
1168 2959 262 75 Sunday
1477 2959 52 75 in
1576 2958 142 76 May
1759 2959 133 75 The
1933 2959 178 75 class
2154 2976 136 58 was
2332 2959 201 75 called
2575 2958 279 78 together
2890 2956 64 79 by

183 3058 294 61 Everette
522 3058 270 76 Denney
837 3058 247 78 leading
1128 3075 166 61 song
1338 3073 82 63 on
1464 3073 169 63 page
1674 3060 103 76 32.
1824 3058 132 78 The
2004 3058 277 78 morning
2325 3075 222 61 prayer
2584 3073 133 63 was
2760 3057 90 79 led
2890 3055 64 81 by

181 3159 232 60 Lonnie
451 3159 265 76 Rogers.
757 3157 286 78 Everette
1081 3157 262 78 Denney
1375 3156 147 79 then
1561 3156 96 79 led
1692 3172 165 63 song
1893 3174 81 61 on
2010 3174 169 61 page
2218 3160 138 75 123.
2425 3157 174 78 Sheri
2632 3156 207 79 Webb,
2874 3156 84 79 77,

178 3259 130 58 566
357 3258 96 60 for
502 3256 142 61 Lisa
693 3256 223 61 Webb.
969 3256 133 61 The
1149 3255 180 63 class
1374 3270 139 48 was
1561 3255 349 76 organized
1960 3256 96 75 for
2098 3256 109 75 the
2256 3256 126 75 day
2430 3256 76 75 by
2556 3255 262 76 electing
2863 3252 90 79 the

178 3355 321 78 following
616 3354 288 79 officers:
967 3352 367 81 Chairman,
1401 3351 298 82 Everette
1762 3352 300 81 Denney;
2122 3354 154 79 Vice
2338 3354 364 79 Chairman,
2766 3351 193 82 Felton

181 3456 300 73 Denney,
555 3453 378 76 Secretary,
1005 3450 189 79 Sheri
1261 3450 231 79 Webb;
1564 3450 324 79 Chaplain
1960 3451 244 78 Lonnie
2275 3453 282 78 Rogers;
2625 3448 327 82 Arranging

178 3553 420 69 Committee,
670 3550 178 72 Cecil
919 3549 312 73 Edwards
1297 3547 129 75 and
1491 3547 235 75 Jimmy
1794 3549 301 76 Denney;
2166 3550 334 75 Memorial
2568 3549 384 76 Committee,

180 3651 273 61 Mozelle
504 3648 342 78 Sheppard
898 3646 126 79 and
1074 3645 216 81 Vivian
1341 3645 271 81 Rogers.
1668 3645 307 81 Leaders:
2029 3648 216 78 Felton
2298 3649 289 76 Denney,
2638 3649 144 76 565,
2830 3643 130 82 82b;

172 3751 231 73 Jimmy
451 3748 286 76 Denney,
786 3748 103 76 48,
936 3747 106 78 39;
1092 3742 235 82 Margie
1374 3742 214 82 Smith,
1638 3745 147 79 335,
1840 3747 144 78 155;
2034 3747 136 78 Don
2221 3748 255 76 Bowen,
2529 3747 183 78 145b,
2760 3747 97 78 59;
2899 3741 54 84 E.

177 3849 70 60 C.
307 3849 256 67 Bowen,
619 3846 105 70 46,
778 3844 151 72 217;
985 3840 310 76 Gertrude
1351 3840 333 76 Bateman,
1746 3843 144 73 171,
1944 3846 151 70 441;
2152 3844 280 72 Bernard
2488 3846 285 73 Denney,
2824 3841 129 78 339,

174 3949 153 67 341;
382 3945 172 72 Alice
610 3940 327 76 Edwards,
996 3939 261 78 74b,75.

177 4042 295 63 RECESS.

315 4143 132 60 The
478 4140 175 63 class
685 4153 135 49 was
852 4135 201 67 called
1086 4140 60 63 to
1182 4134 178 69 order
1392 4132 76 75 by
1504 4132 207 75 Felton
1749 4134 265 78 Denney
2049 4138 244 79 leading
2329 4156 163 61 song
2529 4158 81 60 on
2644 4155 163 63 page
2836 4135 124 82 37b.

175 4240 312 63 Leaders:
550 4237 64 66 B.
679 4236 78 67 M.
819 4233 225 70 Smith,
1110 4233 144 70 103,
1321 4233 144 70 136,
1531 4231 192 72 176b;
1785 4233 273 78 Denney
2119 4236 279 79 Rogers,
2458 4242 153 73 318,
2671 4240 145 75 345,
2874 4234 90 81 87;

175 4338 270 64 Mildred
526 4336 276 69 Dumas,
880 4335 109 70 40,
1074 4333 150 72 120;
1303 4329 244 76 Lonnie
1626 4329 283 78 Rogers,
1995 4336 150 70 101,
2224 4338 159 70 340,
2463 4341 157 69 389;
2701 4332 258 78 Mozelle

172 4437 364 81 Sheppard,
589 4435 148 82 333,
789 4434 148 84 332,
990 4432 103 85 63;
1147 4428 187 90 Harry
1384 4428 262 90 Dumas,
1701 4429 148 88 479,
1900 4432 150 85 278,
2107 4435 147 82 108;
2305 4435 324 82 Charlene
2679 4435 279 82 Wallace,

171 4542 103 70 81,
330 4540 102 72 90,
490 4536 145 76 186;
682 4531 178 81 Jerry
910 4527 360 85 Sheppard,
1330 4527 141 85 187,
1530 4527 142 85 197,
1723 4528 151 84 430;
1929 4528 186 84 Dona
2160 4531 318 81 Jackson,
2529 4539 150 73 328,
2731 4537 142 75 285.

174 4635 393 67 DISMISSED
589 4632 150 70 FOR
762 4629 258 73 LUNCH.

1533 4723 82 58 58
