3187 4974
201 246 306 66 Leaders:
558 253 229 63 Donna
831 258 199 73 Duke,
1078 264 150 69 425,
1282 264 145 69 159;
1477 261 129 72 Kim
1654 261 223 78 Cagle,
1930 262 145 76 155,
2127 261 106 78 63;
2284 255 247 84 Martha
2578 252 138 87 Ann
2766 250 231 88 Stegar,

196 346 151 70 268,
411 349 109 70 47;
583 352 249 67 Pennie
894 357 318 78 Bosarge,
1275 360 108 75 67,
1450 361 147 73 144;
1662 357 252 78 Harvey
1972 355 250 79 Austin,
2287 355 106 79 75,
2458 351 133 84 566
2650 349 97 85 for
2805 349 193 85 Henry

199 441 166 75 Kerr;
420 445 267 70 Shelton
736 451 408 73 Williamson,
1201 456 142 69 189.

199 540 295 66 RECESS.

408 642 270 64 Richard
729 646 271 79 DeLong
1050 649 205 76 called
1303 649 109 76 the
1458 649 183 76 class
1686 649 297 76 together
2029 645 258 81 leading
2335 660 169 66 song
2557 660 78 66 on
2686 660 166 66 page
2898 654 90 72 88.

198 735 307 66 Leaders:
558 741 177 76 Revy
781 744 408 73 Williamson,
1246 748 145 69 120,
1449 748 147 69 126;
1647 744 198 73 Hazel
1897 744 226 76 Cagle,
2175 742 151 78 336,
2386 742 147 78 187;
2586 742 148 78 Nick
2781 747 211 78 Griffin,

196 837 147 57 551.
394 835 136 60 The
579 841 387 58 convention
1014 841 151 60 then
1219 841 144 60 held
1416 841 76 60 its
1542 841 234 60 annual
1830 838 324 63 Memorial
2209 840 273 70 Lesson,
2538 840 54 70 L.
2647 841 39 69 L
2733 844 250 79 Rogers,

193 930 322 63 chairman
561 934 66 60 of
664 936 108 60 the
817 937 319 58 Memorial
1182 937 400 70 Committee,
1626 937 210 78 spoke
1881 937 195 78 about
2115 936 297 79 Wilson's
2454 937 243 79 Chapel
2739 945 120 72 and
2898 948 93 69 the

193 1027 184 60 three
441 1033 430 75 generations
931 1035 145 73 who
1141 1050 112 58 are
1317 1035 256 76 singing
1635 1035 186 76 there
1887 1050 160 61 now,
2113 1035 241 76 thanks
2415 1042 64 69 to
2544 1038 103 73 Mr.
2710 1041 279 70 Wilson's

192 1123 313 81 foresight
558 1129 55 75 in
664 1129 277 78 building
997 1131 54 76 it.
1110 1131 94 76 He
1257 1132 144 75 also
1450 1131 211 78 spoke
1714 1131 66 78 of
1830 1131 471 82 remembering
2353 1135 106 78 the
2511 1137 307 79 departed
2868 1147 112 69 and

192 1225 234 76 getting
472 1242 112 60 our
661 1228 280 78 priorites
987 1230 52 76 in
1084 1228 199 78 order.
1332 1230 169 76 Mary
1546 1230 58 76 F.
1653 1230 196 76 Smith
1893 1230 204 76 called
2140 1239 108 67 out
2286 1234 106 72 the
2437 1236 249 70 leaders
2730 1243 117 63 and
2884 1245 94 61 the

195 1336 229 45 names
459 1324 66 58 of
553 1324 108 60 the
694 1326 357 58 deceased.
1093 1326 210 61 Felton
1344 1327 262 76 Denney
1645 1327 97 76 led
1777 1330 145 73 460,
1963 1329 126 75 and
2122 1333 127 70 285
2286 1333 55 70 in
2379 1350 271 63 memory
2683 1339 63 73 of
2835 1342 63 70 H.
2934 1344 46 69 L.

192 1417 352 78 Campbell,
592 1422 220 73 Daniel
859 1420 265 75 Hudson
1170 1423 126 72 and
1342 1425 132 70 Ben
1521 1425 217 76 Avery.
1785 1426 171 75 Cecil
2002 1428 303 73 Edwards
2350 1432 94 69 led
2488 1437 124 64 348
2656 1438 120 63 and
2818 1443 78 60 45
2935 1443 45 60 in

193 1530 280 63 memory
514 1518 64 75 of
618 1519 229 73 Bertha
889 1519 259 76 Kilgore,
1194 1521 135 75 Ray
1368 1522 220 76 Taylor
1626 1524 126 75 and
1792 1525 220 79 Agnes
2055 1527 252 78 Bowen.
2388 1531 306 79 Daphene
2734 1537 240 79 Causey

192 1611 97 63 led
328 1615 148 70 36b,
520 1617 126 69 and
688 1618 81 67 77
807 1617 93 69 for
934 1617 106 69 the
1080 1618 136 67 sick
1252 1620 126 66 and
1417 1621 294 72 shut-ins,
1755 1623 306 81 including
2103 1627 261 76 Bernice
2401 1630 226 73 Wilson
2668 1636 118 67 and
2826 1636 151 67 Allen

192 1710 304 61 Lambert.
546 1713 142 76 Billy
727 1714 126 75 Joe
898 1714 207 75 Harris
1149 1716 99 73 led
1293 1717 54 72 in
1390 1734 225 61 prayer
1653 1728 61 67 to
1755 1723 315 72 conclude
2110 1726 106 69 the
2259 1726 316 69 Memorial
2619 1732 229 63 lesson.

190 1807 394 61 DISMISSED
609 1810 151 60 FOR
783 1812 261 61 LUNCH.

364 1905 135 60 The
541 1906 331 63 afternoon
915 1912 265 58 session
1225 1917 301 60 resumed
1566 1917 136 61 with
1743 1918 180 61 Sheri
1963 1921 204 61 Webb
2208 1924 246 79 leading
2494 1942 162 63 song
2697 1945 78 60 on
2812 1947 156 63 page

192 2004 148 58 142.
418 2004 321 63 Leaders:
814 2005 150 78 Billy
1030 2010 132 73 Joe
1234 2010 240 76 Harris,
1545 2017 156 70 335,
1774 2019 153 72 68b;
2001 2020 177 70 Mark
2247 2023 291 73 Puckett,
2614 2029 141 70 112,
2823 2031 141 72 392;

187 2100 321 60 Charlene
550 2103 303 73 Wallace,
897 2109 150 69 483,
1092 2110 150 70 517;
1290 2110 265 78 Denney
1600 2115 267 78 Rogers,
1911 2119 148 73 318,
2104 2122 148 70 345;
2298 2121 153 72 Eula
2487 2124 307 73 Johnson,
2836 2130 133 69 300;

189 2197 249 61 Bonnie
499 2200 301 73 Flowers,
867 2205 144 72 163,
1080 2209 145 69 145;
1290 2209 63 69 E.
1416 2211 72 67 C.
1549 2212 259 72 Bowen,
1869 2217 150 70 478,
2079 2218 151 70 293;
2292 2220 159 69 Dula
2505 2221 219 72 Webb,
2782 2226 178 70 569b;

184 2293 259 63 William
501 2298 336 73 Headrick,
892 2305 150 69 325,
1096 2307 196 70 345b;
1350 2308 66 69 B.
1474 2310 75 67 M.
1606 2311 219 72 Smith,
1879 2316 153 69 273;
2088 2316 232 75 Evelyn
2376 2317 223 73 Harris,
2652 2323 103 67 40;
2806 2322 154 75 Mary

187 2392 61 60 F.
312 2394 226 72 Smith,
600 2398 153 70 213,
814 2400 153 72 227;
1026 2401 256 70 Jimmie
1344 2406 289 76 Denney,
1698 2410 102 72 64,
1861 2412 106 70 46;
2032 2412 198 76 Kathy
2287 2415 315 73 Williams,
2667 2418 97 72 10,
2827 2421 127 69 107,

180 2490 186 78 Jerry
427 2494 375 79 Sheppard,
873 2502 150 72 122;
1087 2502 238 72 Lonnie
1392 2505 276 78 Rogers,
1729 2509 153 73 298,
1947 2512 153 70 289;
2161 2511 250 72 Wilford
2473 2514 286 76 Denney,
2818 2518 136 72 388,

187 2592 144 60 127.
373 2592 133 61 The
547 2596 381 61 convention
969 2599 150 61 then
1161 2601 141 61 held
1347 2602 72 61 its
1459 2604 304 63 business
1804 2608 282 61 session.
2128 2610 49 60 A
2214 2611 322 61 collection
2577 2614 63 58 of
2674 2611 177 69 $148.
2892 2619 72 61 55

180 2704 139 46 was
370 2692 318 63 received.
744 2695 196 76 Kathy
987 2697 295 75 Williams
1332 2704 288 75 reported
1666 2703 93 76 for
1803 2706 105 73 the
1957 2707 411 72 Resolutions
2413 2710 387 69 Committee.
2848 2712 111 67 Her

184 2796 223 72 report,
450 2791 202 76 which
694 2809 138 58 was
876 2797 151 70 read
1069 2799 126 69 and
1239 2800 298 76 adopted,
1581 2818 136 58 was
1761 2820 76 57 as
1879 2805 261 72 follows:
2181 2808 114 69 We
2334 2808 190 69 thank
2562 2809 138 67 God
2739 2811 87 66 for
2860 2811 94 66 the

181 2890 405 76 opportunity
685 2899 64 67 to
804 2901 175 66 meet
1030 2896 127 70 and
1212 2898 142 78 sing
1410 2899 97 76 his
1558 2901 258 76 praises
1869 2901 94 76 for
2013 2904 121 73 this
2194 2907 189 70 138th
2437 2908 261 69 session
2752 2908 61 69 of
2857 2908 96 69 the

180 2986 592 66 Chattachoochee
825 2992 468 75 Conventions;
1345 2997 94 70 for
1489 2997 108 70 the
1651 2998 139 69 love
1845 3001 127 66 and
2025 3009 271 70 support
2346 3006 66 73 of
2460 3006 120 73 this
2629 3006 322 73 wonderful

177 3100 202 64 group
420 3087 64 78 of
520 3090 234 78 people
828 3091 91 76 for
954 3093 165 75 each
1159 3094 181 73 other
1375 3094 124 73 and
1539 3096 91 72 for
1665 3096 106 72 the
1809 3097 244 70 Sacred
2095 3100 168 79 Harp
2301 3105 295 75 tradition.
2635 3103 109 76 We
2781 3105 171 75 thank

177 3201 120 45 our
360 3186 402 63 forefathers
829 3189 97 60 for
990 3190 163 60 their
1215 3192 154 60 faith
1438 3193 129 60 and
1635 3208 501 63 perseverance
2266 3201 57 70 in
2391 3204 376 76 preserving
2829 3204 124 76 that

175 3283 282 61 tradition
502 3285 91 60 for
637 3300 97 57 us;
780 3288 126 69 and
948 3303 96 54 we
1086 3288 189 69 thank
1317 3289 142 67 God
1501 3289 91 67 for
1630 3291 105 66 the
1779 3291 202 66 honor
2019 3297 127 60 and
2188 3298 150 75 duty
2380 3301 130 72 that
2551 3301 52 72 is
2644 3318 135 55 now
2817 3315 133 58 ours

174 3387 63 54 to
291 3397 180 61 carry
526 3390 109 69 out
690 3384 160 75 their
903 3385 286 73 mission.
1296 3387 114 72 We
1464 3387 192 72 thank
1710 3388 108 70 the
1872 3388 240 70 Wilson
2167 3394 211 76 family
2436 3399 124 72 and
2616 3399 231 72 friends
2896 3397 57 73 of

172 3478 306 63 Wilson's
549 3480 255 78 Chapel
871 3481 97 76 for
1029 3481 163 76 their
1254 3483 354 75 continued
1677 3483 372 79 hospitality
2113 3496 66 66 to
2245 3492 111 70 the
2425 3496 531 66 Chattahoochee

172 3577 435 60 Convention.
670 3579 136 58 The
865 3579 175 69 food,
1107 3579 471 69 refreshments
1641 3582 127 66 and
1830 3582 300 66 heartfelt
2188 3591 321 61 welcome
2571 3609 109 45 are
2739 3592 217 78 deeply

169 3675 451 75 appreciated.
685 3675 115 75 We
861 3675 324 75 conclude
1248 3676 78 73 by
1386 3675 369 79 dedicating
1870 3679 111 75 the
2043 3682 258 82 singing
2365 3694 64 70 to
2491 3691 144 73 God
2698 3691 121 73 and
2878 3688 70 76 by

168 3769 538 81 acknowledging
766 3772 111 78 His
936 3772 141 78 love
1132 3772 127 78 and
1315 3789 198 61 grace
1570 3774 133 76 that
1759 3775 231 75 makes
2047 3781 79 69 all
2182 3784 219 79 things
2458 3790 312 78 possible.
2827 3787 120 81 The

165 3876 333 70 secretary
550 3871 297 76 reported
898 3871 130 76 that
1078 3886 39 61 a
1168 3871 145 76 total
1363 3870 333 78 collection
1749 3874 64 73 of
1864 3873 288 75 $192.53
2200 3898 141 49 was
2394 3888 300 61 received
2745 3895 61 54 at
2850 3886 97 63 the

162 3967 417 63 convention.
640 3967 49 63 A
745 3969 273 78 savings
1075 3973 280 73 account
1413 3967 142 79 also
1611 3970 301 76 contains
1971 3973 313 73 $354.15.
2400 3984 186 81 Hugh
2649 3985 294 79 McGraw,

163 4065 339 61 Chairman
547 4066 63 60 of
651 4068 103 60 the
798 4066 274 61 Finance
1114 4065 123 63 and
1284 4065 288 63 Location
1617 4066 376 66 Committee
2037 4123 12 21 ,
2094 4083 330 73 proposed
2503 4086 130 70 that
2673 4084 273 72 Wilson's

160 4164 249 76 Chapel
453 4164 85 76 be
585 4165 190 75 made
858 4164 105 76 the
1006 4168 375 72 permanent
1425 4162 189 78 home
1657 4164 67 76 of
1762 4165 106 75 the
1912 4176 405 64 convention,
2368 4182 160 61 after
2568 4183 375 76 discussing,

157 4261 118 61 this
315 4263 228 60 motion
576 4278 136 46 was
747 4260 330 64 seconded
1114 4260 120 64 and
1273 4261 427 75 unanimously
1735 4269 265 70 passed.
2041 4270 94 69 He
2170 4275 141 64 also
2344 4284 325 75 proposed
2704 4284 124 75 that
2860 4282 91 76 the

154 4360 387 60 convention
589 4375 126 61 pay
762 4375 39 61 a
847 4374 153 63 one-
1047 4357 145 79 time
1239 4357 105 79 fee
1392 4357 66 79 of
1498 4356 285 81 $100.00
1827 4369 64 67 to
1939 4366 325 70 advertise
2311 4375 108 61 the
2467 4383 382 61 convention
2898 4380 46 64 in

154 4456 106 61 the
310 4458 286 60 National
648 4455 243 63 Sacred
940 4456 166 75 Harp
1153 4455 387 76 Newsletter.
1590 4455 145 76 This
1783 4462 234 69 motion
2062 4482 139 49 was
2250 4473 144 61 also
2439 4479 343 63 seconded
2829 4477 115 64 and

153 4555 267 75 passed.
460 4555 49 75 A
541 4554 375 79 suggestion
949 4566 136 67 was
1119 4552 147 81 then
1303 4552 186 81 made
1525 4554 127 79 that
1686 4555 180 78 signs
1902 4558 82 75 be
2017 4567 261 66 erected
2313 4576 64 57 to
2410 4575 184 61 show
2628 4579 106 60 the

1494 4651 117 58 116
