3150 4950
1135 184 192 81 OLD
1350 178 288 87 TOWN
1663 168 403 97 SCHOOL

1330 307 295 75 Chicago,
1659 300 205 82 Illinois

1297 408 274 70 January
1602 405 94 73 15,
1731 399 162 79 1989

372 510 100 58 On
514 510 108 60 the
661 510 151 60 third
856 508 262 72 Sunday
1162 507 52 73 in
1255 505 300 75 January,
1602 516 40 64 a
1680 498 103 82 5th
1827 492 424 88 Anniversary
2292 478 253 102 singing
2587 490 141 90 was
2770 474 138 106 held
2947 484 54 96 at

195 606 117 60 Old
358 607 192 58 Town
598 607 235 60 School
882 604 342 78 beginning
1273 607 61 75 at
1378 603 153 79 2:00
1578 612 147 70 p.m.
1773 591 367 91 Chairman,
2193 583 183 99 Larry
2421 573 348 109 Nothwehr
2808 576 190 106 called

195 702 105 60 the
340 705 180 58 class
559 711 61 52 to
663 705 183 58 order
885 702 249 75 leading
1174 715 166 61 song
1384 712 79 64 on
1507 709 172 67 page
1719 691 147 85 49b.
1908 682 249 94 Wendy
2196 678 205 99 Wahn
2446 673 100 103 led
2589 673 108 103 the
2737 675 256 102 opening

195 814 246 61 prayer.
495 801 135 75 The
681 801 181 75 class
912 814 141 61 was
1105 793 351 82 organized
1510 807 79 69 as
1641 789 268 87 follows:
1965 780 372 96 Chairman,
2395 772 174 103 Herb
2622 771 372 105 Schroeder;

193 895 154 60 Vice
394 897 360 69 Chairman,
808 895 213 70 Debra
1068 891 277 75 Barford;
1395 889 360 76 Secretary,
1809 880 196 85 David
2059 873 283 93 Barford;
2392 868 334 97 Chaplain,
2776 870 223 96 Wendy

193 991 234 70 Wahn;
501 991 360 76 Arranging
936 987 418 81 Committee,
1434 982 139 85 Kris
1647 976 447 91 Richardson;
2170 967 343 100 Memorial
2589 966 399 102 Committee,

198 1089 295 60 Matthew
537 1089 162 60 Lind.
748 1086 232 63 Marcia
1018 1084 297 64 Johnson
1360 1081 148 67 then
1555 1078 99 70 led
1698 1090 166 60 song
1911 1087 81 63 on
2038 1084 175 66 page
2257 1069 103 81 63.
2446 1065 171 85 Herb
2656 1065 343 85 Schroeder

195 1186 148 60 then
394 1186 100 60 led
540 1201 174 61 page
757 1186 150 76 200.
958 1183 304 79 Leaders:
1312 1179 213 84 Debra
1572 1173 277 90 Barford,
1899 1173 153 90 280;
2103 1167 198 96 David
2352 1164 277 99 Barford,
2679 1165 145 97 36b;
2872 1167 117 96 Kris

198 1284 423 70 Richardson,
679 1285 105 69 61;
837 1281 247 75 Wendy
1135 1278 223 78 Wahn,
1422 1276 145 79 159;
1620 1273 124 82 Jay
1795 1270 234 85 Yoder,
2088 1266 198 90 345b;
2344 1264 223 91 Nancy
2622 1264 219 91 Hejna,
2890 1269 96 87 29;

198 1383 306 58 Matthew
565 1381 169 70 Lind,
807 1381 150 70 198;
1018 1377 135 75 Ted
1222 1375 268 76 Mercer,
1557 1372 156 79 47b;
1780 1368 267 84 Shelley
2115 1365 319 87 Robbins,
2508 1366 144 85 192.
2721 1365 114 87 For
2889 1366 97 85 the

198 1480 330 58 Founders
573 1479 273 69 Lesson,
894 1474 234 73 Marcia
1170 1473 126 75 and
1341 1471 132 76 Ted
1515 1471 300 76 Johnson
1861 1467 127 81 and
2031 1465 171 82 Judy
2247 1464 189 84 Hauff
2479 1464 97 84 led
2620 1464 148 84 38b;
2815 1464 172 84 Philip

193 1576 192 70 Trier,
457 1579 109 67 53.

198 1674 294 60 RECESS.

382 1771 168 58 Herb
592 1768 367 61 Schroeder
997 1765 204 64 called
1246 1765 106 64 the
1395 1765 178 64 class
1617 1764 165 66 back
1824 1762 136 67 with
2007 1777 166 60 song
2218 1776 82 61 on
2346 1776 171 61 page
2562 1762 102 75 84.
2710 1759 277 78 Leaders:

196 1867 274 58 Melanie
519 1866 204 69 Hauff,
775 1864 228 70 "Wood
1053 1863 261 72 Street";
1363 1863 202 72 Diane
1612 1861 241 73 Aitken,
1908 1861 147 73 155;
2100 1858 171 76 John
2320 1858 267 76 Gieven,
2637 1860 144 75 299;
2827 1858 151 76 Greg

193 1963 288 73 Seyleta,
538 1965 109 72 49;
696 1962 177 75 John
927 1960 214 76 Gurtz,
1197 1960 154 76 384;
1408 1959 186 78 Dean
1648 1957 249 79 Slaton,
1954 1957 153 79 436;
2163 1956 268 81 George
2485 1954 306 82 Karduck,
2842 1957 138 79 480;

196 2059 312 58 Kathleen
565 2058 249 76 Kuiper,
870 2056 151 78 37b;
1078 2055 250 79 Connie
1386 2055 310 79 Karduck,
1752 2053 372 81 "Rainbow"
2181 2052 262 82 (MWS).
2499 2052 133 82 The
2688 2052 297 82 Memorial

196 2157 226 58 lesson
475 2172 139 43 was
670 2155 145 60 held
868 2154 141 61 with
1066 2154 219 61 Milner
1336 2154 234 61 Seifert
1623 2152 255 76 leading
1939 2154 126 75 148
2116 2152 96 76 for
2266 2151 171 78 Mark
2494 2151 196 78 Pena,
2746 2149 231 79 Clifford

196 2253 345 60 Maslanka
603 2253 127 60 and
796 2253 181 73 Betty
1041 2251 256 75 Fenner
1356 2251 66 75 of
1480 2251 319 75 Chicago;
1860 2250 396 76 Jacqueline
2322 2248 250 78 Kearny
2637 2248 229 78 Rowan
2925 2247 57 79 of

196 2350 346 69 Evanston;
586 2350 268 73 Haydee
894 2349 378 75 Trueblood;
1318 2349 141 75 Mac
1501 2349 312 75 Wootten,
1855 2349 271 75 Andrew
2170 2347 136 76 Ivey
2349 2346 126 78 and
2521 2346 136 78 D.T.
2701 2346 186 78 White
2926 2344 55 79 of

190 2448 330 58 Alabama.
564 2446 171 60 Mark
769 2446 277 75 O'Leary
1083 2446 66 75 of
1183 2446 336 75 California
1555 2446 127 75 and
1722 2446 196 75 Vince
1957 2445 471 76 Lewandowski
2467 2445 66 76 of
2568 2445 153 76 New
2755 2442 196 79 Berlin.

195 2545 294 58 RECESS.

414 2643 207 75 Ginny
670 2643 258 75 Warren
979 2643 208 75 called
1240 2643 108 75 the
1398 2643 180 75 class
1630 2643 165 75 back
1845 2643 81 75 by
1978 2643 253 76 leading
2284 2641 315 78 "Babylon
2655 2641 52 78 Is
2757 2640 220 79 Fallen"

195 2740 271 76 (MWS);
538 2742 174 75 Herb
780 2742 400 75 Schroeder,
1252 2745 109 72 38;
1428 2742 175 75 John
1674 2742 277 75 Seaton,
2023 2743 109 73 48;
2205 2742 205 75 Kathy
2481 2740 184 76 Krug,
2736 2737 238 79 "Africa:

195 2839 259 75 (MWS);
495 2839 124 75 Jan
666 2839 238 75 Ketelle
946 2841 126 73 and
1114 2841 205 73 Sarah
1366 2841 171 73 Mills,
1582 2841 150 73 49b;
1770 2841 123 73 Jim
1936 2841 180 75 Page
2155 2842 150 73 214;
2352 2839 135 76 Bob
2526 2838 276 78 Scorgie,
2848 2836 126 79 126;

189 2937 189 58 Anne
441 2937 261 72 Heider,
768 2940 111 69 79;
942 2938 205 70 David
1210 2938 369 70 Stockwell,
1644 2938 310 70 "Jordan"
2019 2937 246 75 (MWS)
2325 2937 175 75 Joan
2563 2935 222 76 Smith,
2848 2935 132 76 120;

193 3034 276 60 Norman
519 3034 247 70 Kantor,
814 3036 235 69 "Come
1093 3036 177 69 Thou
1318 3036 226 69 Fount"
1591 3085 12 19 ,
1653 3036 261 73 (MWS);
1962 3036 201 73 Diane
2206 3036 277 73 Yoder,4
2532 3033 250 76 (MWS).
2829 3030 148 79 Herb

192 3132 375 60 Schroeder
618 3132 99 60 led
771 3135 85 57 62
909 3148 79 45 as
1039 3133 109 60 the
1200 3133 145 60 final
1398 3150 190 60 song,
1645 3133 127 76 and
1827 3133 108 76 the
1987 3133 180 76 class
2217 3148 141 61 was
2409 3129 351 81 dismissed
2850 3126 123 84 with

190 3246 226 61 prayer
456 3231 81 76 by
577 3231 246 76 Wendy
864 3231 222 76 Wahn.
1135 3232 219 75 Ninety
1396 3232 255 76 singers
1693 3232 154 76 from
1891 3232 138 76 four
2068 3237 210 72 states
2319 3246 169 63 were
2530 3234 273 75 present.

192 3328 373 70 Chairman,
636 3330 174 69 Herb
873 3330 399 70 Schroeder;
1336 3330 157 70 Vice
1557 3330 373 70 Chairman,
2001 3330 217 70 Debra
2281 3330 283 70 Barford'
2629 3327 342 73 Secretary,

193 3427 198 60 David
448 3427 282 60 Barford.

588 3532 420 91 PARKER,
1047 3531 340 93 HOLLIS
1419 3532 204 91 AND
1659 3532 409 91 PUTMAN
2103 3531 523 93 MEMOIRAL

649 3655 228 75 Liberty
901 3655 243 75 Church
1174 3655 427 75 (McCormick)
1627 3655 315 75 Jefferson
1969 3655 259 75 County,
2259 3655 303 75 Alabama

1362 3753 148 76 April
1537 3754 99 75 30,
1671 3754 162 75 1989

358 3852 135 60 The
531 3852 237 60 annual
807 3852 246 70 Parker,
1098 3852 190 70 Hollis
1326 3850 126 72 and
1494 3850 264 72 Putman
1798 3849 321 73 Memorial
2160 3852 249 70 Sacred
2449 3852 165 76 Harp
2652 3847 246 81 Singing
2932 3843 43 85 is

192 3949 148 60 held
403 3951 111 58 the
576 3951 261 58 second
900 3949 130 60 fifth
1096 3949 271 73 Sunday
1431 3949 55 73 in
1551 3949 108 73 the
1719 3963 160 60 year
1939 3954 63 69 at
2068 3948 243 76 Liberty
2377 3949 313 75 Primitive
2754 3943 223 81 Baptist

190 4047 268 60 Church.
498 4047 132 60 The
664 4047 178 60 class
874 4062 138 45 was
1048 4047 199 60 called
1285 4053 61 54 to
1383 4045 180 61 order
1596 4044 79 75 by
1708 4044 217 75 Velton
1965 4044 222 75 Chafin
2229 4047 246 78 leading
2514 4063 163 61 song
2716 4060 76 64 on
2829 4054 147 70 page

187 4146 147 58 33b.
378 4144 133 60 The
553 4144 279 78 morning
874 4161 222 61 prayer
1165 4159 136 63 was
1345 4143 94 79 led
1483 4143 76 79 by
1600 4141 204 81 Henry
1845 4141 295 81 Guthery.
2184 4143 223 79 Velton
2451 4146 223 76 Chafin
2713 4146 141 76 then
2893 4137 81 85 led

187 4258 171 61 song
411 4258 81 61 on
544 4258 174 61 page
766 4245 106 75 30.
925 4242 135 78 The
1110 4242 180 78 class
1341 4239 346 81 organized
1740 4239 78 81 by
1867 4239 276 81 electing
2196 4242 109 78 the
2355 4243 315 79 following
2722 4242 253 81 officers:

187 4341 369 70 Chairman,
613 4341 226 70 Velton
894 4339 252 72 Chafin;
1200 4339 151 72 Vice
1405 4336 364 75 Chairman,
1822 4336 172 75 John
2052 4336 253 75 Hocutt;
2361 4341 369 78 Secretary,
2784 4335 201 84 Ozella

189 4438 250 70 Chafin;
489 4437 345 78 Arranging
885 4437 402 78 Committee,
1341 4435 205 79 Henry
1588 4432 291 82 Jackson
1930 4435 129 79 and
2107 4434 174 81 Cecil
2334 4437 318 78 Sanders.
2707 4438 276 76 Leaders:

184 4536 171 60 John
403 4536 246 70 Hocutt,
696 4537 106 69 35;
847 4536 222 70 Jethro
1114 4534 240 72 Collett,
1408 4534 144 72 138;
1602 4531 135 75 Bob
1782 4531 256 75 Fannin,
2094 4534 141 72 143,
2284 4536 151 70 430;
2484 4537 210 69 Aaron
2745 4539 238 67 Keeton,

192 4636 145 69 129,
390 4636 153 69 388;
597 4633 228 72 Pernie
877 4633 264 72 Pelfrey,
1200 4633 144 72 145,
1398 4632 103 73 82;
1555 4629 168 76 Nora
1773 4629 247 76 Collett,
2073 4632 151 73 383,
2278 4633 153 72 298;
2481 4636 174 69 John

1537 4729 120 57 182
