3171 4963
1213 237 247 93 1990
1503 238 685 94 DIRECTORY

1125 390 84 79 of
1242 388 319 82 Sacred
1599 393 216 99 Harp
1849 391 390 100 Singings

1155 520 525 100 Throughout
1708 523 141 97 the
1887 522 90 99 U.
2020 522 84 99 S.
2142 523 88 97 A.

1443 778 502 69 WEDNESDAY

435 883 147 61 First
604 918 21 27 -
649 886 207 60 Jones
904 888 238 78 Chapel
1170 889 385 76 Community
1584 892 228 73 Center
1836 925 22 40 -
1884 894 162 72 each
2079 892 226 73 month.
2359 892 145 73 Hwy
2532 892 127 73 278
2682 895 160 70 west

282 981 63 58 of
369 981 298 73 Cullman,
696 984 321 70 Alabama.
1066 987 156 67 Turn
1248 988 184 66 south
1459 994 63 60 at
1548 988 136 76 light
1710 1006 126 58 one
1860 990 195 75 block.
2110 991 52 73 In
2187 991 139 73 July
2352 990 120 75 Gib
2521 988 154 76 Hale
2703 988 123 76 and

282 1078 207 76 Grady
516 1078 315 76 Chandler
856 1081 328 73 Memorial.

1413 1294 292 67 FRIDAY
1728 1294 247 69 NIGHT

433 1392 147 60 First
604 1393 54 58 in
688 1393 322 75 February,
1038 1395 169 76 April,
1237 1396 238 76 August
1500 1399 124 73 and
1653 1399 355 73 November
2031 1432 21 40 -
2080 1401 330 72 Huntsville
2434 1401 307 72 Alabama
2766 1434 21 39 -

282 1488 342 78 Highlands
651 1491 216 75 United
897 1492 331 73 Methodist
1252 1494 243 72 Church
1546 1528 19 37 -
1593 1497 145 69 7:00
1764 1512 142 61 p.m.
1936 1530 21 43 -
1983 1500 156 73 3921
2179 1498 340 75 Broadmor
2542 1498 180 75 Road
2751 1531 21 42 -

279 1585 169 60 Take
477 1587 312 61 Memorial
819 1590 309 75 Parkway,
1155 1597 159 67 west
1341 1608 76 57 on
1446 1593 321 72 Oakwood
1794 1594 277 72 Avenue,
2103 1596 169 70 north
2301 1612 79 54 on
2409 1596 318 70 Brookline
2755 1599 120 67 and

276 1690 160 52 west
462 1699 79 46 on
573 1686 337 60 Broadmor
934 1687 196 60 Road.

432 1782 222 61 Before
678 1785 106 60 the
807 1785 174 61 Third
1008 1786 259 76 Sunday
1293 1822 21 40 -
1342 1791 249 76 (except
1612 1791 168 76 June
1804 1794 46 73 &
1879 1792 177 76 Dec.)
2088 1792 105 78 Big
2220 1794 204 76 Creek
2451 1794 291 76 Primitive

280 1878 234 78 Baptist
540 1881 262 75 Church.
831 1884 367 76 Alpharetta,
1231 1885 283 79 Georgia,
1548 1923 21 42 -
1596 1891 145 73 7:30
1768 1905 144 61 p.m.
1942 1891 144 75 Hwy
2118 1894 120 72 120
2263 1899 145 67 east
2431 1893 66 73 of

276 1977 369 76 Alpharetta.
700 1980 124 73 Exit
850 1980 273 79 Georgia
1144 1986 129 73 400
1297 1990 63 69 at
1384 1986 391 78 Statebridge
1804 1989 196 75 Road,
2029 1996 129 67 turn
2184 1998 162 66 east.

1348 2182 432 70 SATURDAY
1797 2187 243 69 NIGHT

429 2289 145 61 First
600 2290 307 79 Saturday
934 2293 163 78 night
1126 2295 49 76 in
1204 2296 163 75 each
1396 2298 207 73 month
1630 2332 21 39 -
1680 2299 213 72 Sardis
1924 2301 228 78 Baptist
2181 2302 240 76 Church
2448 2338 21 40 -
2493 2307 42 72 3
2563 2305 172 73 miles

273 2392 159 54 west
457 2388 63 58 of
546 2388 163 76 Hwy.
738 2392 69 72 31
849 2397 60 67 at
936 2392 226 72 Morris,
1192 2394 319 70 Alabama.

426 2485 225 61 Before
675 2488 105 58 the
808 2490 145 60 First
979 2490 259 78 Sunday
1266 2493 52 75 in
1344 2494 163 73 each
1539 2497 204 70 month
1773 2530 19 37 -
1819 2497 162 70 Gum
2010 2499 174 69 Pond
2211 2502 129 66 -18
2367 2502 175 66 miles
2569 2503 316 64 northeast

274 2583 63 58 of
360 2584 300 72 Cullman,
690 2587 322 70 Alabama,
1044 2589 274 78 Morgan,
1347 2592 240 78 County

420 2682 277 76 January
727 2686 96 72 13,
858 2688 163 70 1990
1048 2719 21 39 -
1098 2688 309 70 Memorial
1435 2691 250 78 Singing
1716 2725 19 43 -
1762 2692 88 76 for
1876 2692 139 76 Mrs.
2049 2695 214 73 Luther
2287 2695 241 73 Calvert
2553 2697 124 72 and

274 2778 141 61 Mrs.
441 2779 120 61 Jim
589 2781 300 79 Woodley
916 2784 297 76 Pleasant
1239 2787 204 73 Grove
1471 2788 241 72 Church
1764 2790 190 70 Boldo
1983 2791 387 76 Community
2395 2827 19 40 -
2442 2796 37 72 6
2508 2794 175 73 miles
2707 2802 142 66 east

271 2878 63 60 of
354 2878 252 79 Jasper.
639 2881 145 76 Hwy
810 2884 100 73 69.

424 2977 223 61 Before
673 2980 103 60 the
805 2982 256 60 Second
1092 2983 255 76 Sunday
1375 2985 51 75 in
1453 2986 162 73 each
1645 2988 207 72 month
1878 3021 22 39 -
1927 2989 213 75 Shady
2170 2991 202 73 Grove
2404 2992 339 75 (Keeton's)
2772 3027 21 40 -

268 3075 244 61 Walker
537 3078 258 76 County,
808 3081 21 73 1
874 3081 97 73 1/2
1002 3081 172 73 miles
1201 3088 144 66 east
1369 3082 64 72 of
1458 3082 148 72 New
1632 3084 346 70 Flatwoods
2004 3087 243 67 Church
2296 3103 81 51 on
2407 3088 144 76 Hwy
2581 3091 64 73 11

271 3174 262 61 Nauvoo
559 3181 63 54 to
648 3177 249 61 Carbon
927 3178 118 70 Hill,
1075 3180 318 69 Alabama.

420 3273 306 78 Saturday
757 3276 160 78 night
945 3277 213 76 before
1183 3279 243 75 second
1455 3279 256 76 Sunday
1740 3280 52 75 in
1815 3280 273 76 January
2115 3283 162 73 each
2304 3300 174 60 year-
2506 3286 310 73 Memorial

267 3372 163 61 Alvin
460 3373 261 72 Keeton,
754 3375 168 70 Irene
945 3375 280 70 Jackson
1276 3378 121 67 and
1428 3376 226 69 Robert
1681 3378 328 76 Harper-At
2032 3381 216 75 Shady
2275 3382 207 73 Grove
2511 3385 342 76 (Keeton's)

418 3472 307 76 Saturday
754 3474 163 78 night
942 3474 214 78 before
1182 3474 243 78 second
1453 3475 256 76 Sunday
1737 3477 52 75 in
1839 3477 304 78 February
2167 3481 163 73 each
2356 3498 153 58 year
2532 3517 21 39 -
2581 3483 312 73 Memorial

265 3571 231 60 Oralee
526 3571 213 72 Burns,
769 3574 70 69 At
865 3573 216 76 Shady
1107 3574 205 75 Grove
1339 3574 306 75 (Keeton).

418 3670 306 76 Saturday
753 3672 162 76 night
940 3672 214 76 before
1180 3672 102 76 the
1309 3672 144 76 third
1482 3672 255 76 Sunday
1764 3672 52 76 in
1845 3673 354 75 November
2221 3709 21 39 -
2272 3678 195 70 Cross
2497 3679 219 69 Roads

265 3768 246 60 Church
538 3802 21 25 -
588 3769 154 60 Nine
769 3769 175 60 miles
973 3769 166 60 north
1170 3768 61 63 of
1252 3769 390 76 Tallapoosa,
1672 3771 286 76 Georgia,
1992 3772 144 75 Hwy
2166 3775 139 72 100.

1401 3966 331 70 SUNDAY
1755 3967 244 69 NIGHT

414 4074 337 79 Beginning
780 4074 123 79 first
928 4074 255 79 Sunday
1212 4072 160 81 night
1399 4072 52 81 in
1476 4072 274 81 October
1773 4072 88 81 for
1882 4074 163 79 each
2073 4075 123 78 first
2220 4077 259 76 Sunday
2506 4081 166 76 night

259 4171 259 78 through
546 4171 151 78 April
726 4206 21 43 -
774 4171 294 78 Henagar
1092 4170 399 79 Community.
1524 4170 223 79 Liberty
1774 4170 259 79 Church.

412 4270 147 61 First
583 4270 259 76 Sunday
870 4269 163 78 night
1060 4269 51 78 in
1138 4269 162 78 each
1329 4267 205 79 month
1563 4299 19 48 -
1609 4267 357 79 Friendship
1989 4269 243 78 Church
2260 4305 21 42 -
2307 4273 166 78 eight
2500 4276 177 75 miles

258 4371 337 60 southeast
619 4369 61 61 of
708 4368 324 78 Haleyville
1059 4383 81 63 on
1168 4366 141 79 Hwy
1344 4368 133 78 195,
1504 4365 183 81 south
1714 4371 63 75 at
1800 4365 226 81 church
2053 4368 156 78 sign,
2241 4375 115 70 two
2383 4374 193 72 miles.

411 4468 147 61 First
580 4468 261 75 Sunday
868 4465 162 78 night
1057 4465 52 78 in
1135 4465 148 78 April
1312 4497 21 46 -
1357 4464 148 79 April
1539 4465 49 78 1,
1623 4465 162 78 1990
1813 4464 178 79 Idella
2017 4465 180 78 Berry
2226 4467 312 76 Memorial
2566 4506 21 37 -

258 4566 360 78 Friendship
664 4566 243 78 Church
937 4614 12 30 .
978 4566 40 78 8
1045 4563 174 81 miles
1242 4561 331 82 southeast
1597 4560 64 84 of
1684 4560 340 84 Haleyville,
2056 4578 79 66 on
2166 4564 144 79 Hwy
2341 4569 138 75 195.

1644 4660 40 57 2
