3150 4950
145 172 178 66 Louie
369 174 267 76 Battles,
684 183 127 67 and
858 184 289 79 Douglas
1191 187 205 76 Conn,
1449 192 141 72 106,
1635 192 151 72 290;
1830 187 148 76 Lula
2020 186 423 78 Underwood,
2491 187 147 76 170;
2683 184 132 79 Ella
2856 184 126 79 Lee

148 274 388 73 Robertson,
604 280 157 72 213;
831 283 247 69 Marlon
1143 286 310 76 Beasley,
1518 289 153 73 336,
1735 289 154 73 406;
1956 285 274 78 Bernice
2293 285 228 78 Greer,
2586 283 130 79 and
2782 282 207 81 Helen

150 375 309 72 Lambert,
525 378 160 72 277,
760 382 201 72 111b;
1027 384 195 70 Elder
1278 385 61 69 J.
1405 385 79 69 O.
1554 385 319 75 Handley,
1947 385 151 75 147;
2217 384 195 76 Terry
2476 382 258 78 Hullett,
2803 379 180 81 Cecil

151 475 264 63 Gilliland
457 475 127 63 and
630 477 186 63 Elder
855 481 139 60 Dee
1036 483 247 78 Phillips
1324 483 97 78 led
1461 483 108 78 the
1606 483 244 78 closing
1891 498 165 63 song
2098 498 81 63 on
2220 498 172 63 page
2430 483 150 78 235.
2625 480 183 81 Elder
2845 478 138 82 Dee

154 574 238 78 Phillips
444 574 366 78 dismissed
859 580 144 72 with
1056 597 249 61 prayer.

1197 678 336 70 SUNDAY,
1560 678 319 70 AUGUST
1903 681 37 67 6

310 771 132 60 The
481 772 388 60 convention
910 790 141 43 was
1089 774 205 60 called
1333 775 297 76 together
1665 790 82 61 on
1789 775 265 76 Sunday
2097 774 280 78 morning
2419 774 78 78 by
2538 772 184 79 Terry
2763 772 223 79 Hullett

159 870 234 78 leading
436 885 214 63 songs
694 885 84 63 on
823 886 217 63 pages
1083 874 84 75 59
1213 873 124 76 and
1383 873 150 76 36b.
1579 873 135 76 The
1759 871 282 78 morning
2086 886 226 63 prayer
2352 886 139 63 was
2536 870 100 79 led
2680 870 82 79 by
2808 868 175 81 Ervin

160 969 304 64 Brothers.
514 967 192 78 Terry
756 969 232 76 Hullett
1036 970 103 75 led
1186 987 172 61 song
1408 987 85 61 on
1542 987 177 61 page
1768 973 103 75 61.
1926 970 312 78 Leaders:
2289 969 175 79 Cecil
2515 969 309 79 Gilliland,
2878 969 102 79 75,

160 1074 96 69 74;
310 1069 193 73 Linda
556 1068 295 75 Thomas
907 1072 106 70 65,
1071 1069 156 73 31b;
1284 1071 285 72 Carmon
1627 1071 325 72 Brothers,
2011 1072 151 70 358,
2227 1072 148 70 175;
2434 1069 193 75 Lydia
2683 1066 297 78 Baswell,

162 1173 141 69 222,
379 1171 159 70 200;
616 1168 235 73 Arville
934 1168 214 76 Hyatt,
1230 1171 157 73 203,
1467 1171 160 73 204;
1707 1170 219 76 Henry
1999 1170 343 76 Johnson,
2422 1170 109 76 81,
2613 1170 111 76 89;
2803 1165 181 81 Alice

162 1269 361 70 Washburn,
570 1269 102 70 52,
717 1270 153 69 313;
916 1267 162 72 Eron
1122 1267 222 73 White,
1389 1270 105 70 30,
1537 1269 153 72 37b;
1735 1269 288 78 Douglas
2067 1269 205 78 Conn,
2314 1267 195 79 399b,
2554 1267 193 79 323b.

168 1368 276 63 RECESS.

318 1468 130 61 The
486 1467 181 63 class
709 1470 304 60 resumed
1054 1467 249 79 singing
1342 1468 139 78 with
1521 1468 184 78 Terry
1746 1468 222 78 Hullett
2010 1468 247 78 leading
2299 1483 166 63 song
2509 1483 81 63 on
2631 1482 172 64 page
2848 1467 141 79 112.

168 1569 300 61 Leaders:
532 1567 204 63 Marie
799 1567 294 72 Guthrie,
1167 1570 150 69 189,
1380 1570 159 69 434;
1603 1567 208 72 Steve
1876 1567 321 72 Lambert,
2263 1567 156 72 49b,
2490 1566 199 73 147b;
2752 1564 232 75 Velton

169 1668 226 70 Chafin,
444 1669 148 69 318,
642 1669 153 69 481;
846 1666 183 72 Noah
1078 1666 184 76 Lacy,
1318 1669 142 73 103,
1516 1669 144 73 128;
1711 1666 157 76 Unie
1917 1666 64 76 B.
2035 1666 288 76 Howard,
2376 1668 99 75 10,
2530 1666 145 76 142;
2727 1663 265 79 Mitchell

171 1767 295 70 Brothers,
507 1768 105 69 45.
694 1765 37 72 It
768 1782 141 55 was
952 1767 231 70 moved
1227 1767 124 70 and
1393 1767 339 70 seconded
1776 1767 124 70 and
1941 1765 190 72 voted
2173 1771 61 66 to
2278 1764 186 73 make
2502 1764 220 73 Jethro
2764 1762 223 75 Collett

169 1866 96 60 the
328 1864 319 76 honorary
714 1864 355 76 Chairman
1135 1864 67 76 of
1263 1864 112 76 the
1437 1864 424 76 convention.
1981 1863 231 78 Jethro
2277 1861 256 79 Collett,
2599 1863 156 78 465;
2821 1860 168 81 Aver

171 1963 219 72 Crider,
448 1965 153 70 234,
660 1963 202 72 385b;
918 1963 277 72 Vernice
1252 1963 277 72 Calvert,
1588 1965 154 70 298,
1801 1965 154 70 454;
2014 1962 174 73 Mark
2247 1960 315 75 Lambert,
2626 1962 145 73 129,
2836 1960 148 75 123;

172 2062 168 60 Lovin
394 2062 291 70 Earnest,
742 2064 147 69 111,
942 2064 153 69 284.

172 2161 277 58 RECESS.

363 2257 171 60 Cecil
583 2257 286 60 Gilliland
921 2257 274 76 brought
1239 2257 111 76 the
1395 2257 183 76 class
1623 2262 64 72 to
1737 2256 186 78 order
1969 2254 253 79 leading
2272 2269 168 64 song
2490 2269 82 64 on
2622 2268 174 66 page
2847 2253 144 81 186.

175 2356 294 61 Leaders:
535 2356 166 61 Ruth
766 2356 277 70 Walker,
1108 2358 156 69 460,
1335 2358 151 69 192;
1554 2355 246 72 Barrett
1860 2353 267 75 Ashley,
2191 2355 151 73 414.
2409 2352 75 76 At
2544 2350 129 78 this
2734 2350 151 78 time
2949 2364 39 64 a

175 2455 300 60 memorial
522 2455 225 60 lesson
790 2470 139 45 was
973 2454 166 61 held.
1183 2454 202 61 Jewel
1429 2454 292 61 Wootten
1768 2451 153 64 read
1965 2451 106 64 the
2116 2466 232 49 names
2392 2449 64 66 of
2494 2449 108 66 the
2644 2446 340 69 deceased

175 2569 69 43 as
304 2554 271 61 follows:
646 2554 171 76 Loyd
888 2553 337 78 Brothers;
1296 2551 184 79 Early
1548 2551 400 79 Rebertson,
2014 2550 267 81 Johnny
2347 2547 384 84 Galbreath,
2803 2545 195 85 Clara

177 2652 297 73 Brothers,
526 2653 244 72 Pearlie
820 2653 222 72 Smith,
1092 2652 202 73 Annie
1344 2652 258 76 Harper,
1656 2650 180 78 Ruby
1881 2649 276 79 Conwill,
2203 2649 79 79 O.
2334 2647 69 81 D.
2451 2646 229 82 Oliver,
2733 2643 255 85 Monnie

172 2751 214 73 Oliver,
445 2752 240 72 Bessie
741 2752 241 72 Crider,
1041 2751 171 73 Vera
1264 2751 210 73 Nunn,
1537 2749 180 75 Elma
1773 2748 328 76 Kitchens,
2163 2745 205 79 Ralph
2422 2745 270 79 Adams,
2752 2742 235 82 Grade

175 2851 256 78 Cooper,
474 2853 276 78 Ophelia
792 2853 310 78 Shavers,
1152 2851 202 79 Harlie
1398 2850 277 81 Guthrie,
1722 2847 214 84 Grady
1978 2847 339 84 Chandler,
2364 2844 211 87 Carrie
2617 2842 202 88 White
2862 2841 124 90 and

177 2950 237 79 Maggie
463 2952 223 78 Parris.
739 2952 286 78 Leaders
1072 2952 94 78 for
1210 2950 109 79 the
1369 2949 321 81 memorial
1740 2964 81 66 as
1864 2946 265 84 follows:
2179 2946 279 84 Carmon
2511 2943 276 87 Brother,
2836 2941 150 88 445,

174 3051 115 58 406
343 3051 93 60 for
489 3051 166 76 Loyd
717 3051 277 76 Brothes
1050 3049 127 78 and
1240 3049 180 78 Early
1476 3048 394 79 Robertson;
1930 3045 178 82 Ervin
2167 3043 303 84 Brothers
2526 3040 129 87 and
2713 3040 274 87 Preston

175 3147 220 73 Crider,
453 3151 132 69 235
640 3150 97 70 for
792 3150 195 70 Clara
1042 3148 309 72 Brothers
1408 3147 124 73 and
1594 3145 250 75 Pearlie
1902 3142 226 78 Smith;
2188 3141 294 79 Douglas
2541 3139 208 81 Conn,
2809 3136 178 84 Virgil

177 3244 214 79 Philips
436 3249 126 75 and
612 3247 175 76 Ervin
840 3247 319 76 Brothers,
1207 3247 87 76 54
1341 3244 94 79 for
1473 3244 258 79 Johnny
1776 3240 348 84 Galbreath
2173 3238 126 85 and
2346 3240 130 84 420
2521 3237 94 87 for
2656 3235 109 88 the
2812 3234 183 90 other

172 3343 354 63 deceased.
586 3346 51 60 A
691 3346 129 60 this
874 3346 154 60 time
1086 3360 99 46 we
1245 3342 297 64 honored
1600 3342 148 64 Mrs.
1813 3340 199 66 Lama
2068 3337 220 75 Bailey
2344 3336 145 76 who
2550 3336 54 76 is
2664 3337 148 75 105.
2874 3333 130 79 Her

175 3442 319 79 daughter,
550 3445 133 76 Ella
733 3445 129 76 Lee
916 3444 367 78 Robertson
1336 3441 129 81 and
1519 3442 112 79 her
1680 3456 145 66 son,
1882 3438 208 84 Herby
2143 3436 237 85 Bailey,
2437 3435 99 87 led
2590 3436 132 85 290
2775 3432 54 90 in
2881 3432 114 90 her

178 3540 204 63 honor.
438 3544 172 58 Alice
663 3543 370 60 Washburn
1090 3541 102 61 led
1252 3543 126 60 146
1429 3540 94 63 for
1572 3540 109 63 the
1735 3538 139 64 sick
1927 3537 127 66 and
2109 3534 307 69 shut-ins.
2472 3532 136 70 The
2664 3529 328 73 memorial

178 3637 207 63 lesson
432 3642 228 58 closed
706 3642 142 58 with
898 3655 228 61 prayer
1171 3639 79 78 by
1300 3637 184 79 Elder
1524 3636 57 81 J.
1630 3636 76 81 O.
1761 3634 310 82 Handley.
2122 3633 267 84 Leader:
2442 3631 208 85 Henry
2697 3627 301 90 Guthery,

174 3738 138 70 432;
366 3739 235 69 Estelle
655 3739 255 78 Napier,
963 3738 151 79 217,
1167 3738 153 79 316;
1374 3735 256 82 Corene
1680 3733 225 84 White,
1957 3733 154 84 216;
2164 3732 346 85 Lawrence
2562 3724 429 93 Underwood,

174 3837 139 72 430,
378 3841 154 67 436.

175 3933 378 67 DISMISSED
576 3939 154 61 FOR
751 3936 267 64 LUNCH.

324 4038 181 79 Terry
547 4039 223 78 Hullett
808 4036 205 81 called
1053 4033 109 84 the
1201 4032 330 85 afternoon
1572 4030 264 87 sesison
1875 4030 292 87 together
2205 4029 249 88 leading
2494 4044 165 73 song
2701 4042 84 75 on
2826 4039 169 78 page

174 4138 91 61 64.
319 4140 307 63 Leaders:
684 4138 211 64 Milton
946 4134 231 69 Oliver,
1231 4132 153 70 321;
1438 4129 192 73 Essie
1678 4129 274 73 Calvert,
2005 4132 151 70 490;
2208 4129 270 73 Woodie
2527 4128 270 75 Walker,
2850 4126 153 76 208;

171 4236 226 66 Willard
447 4242 262 78 Hopper
751 4236 127 84 and
925 4233 202 87 Wilda
1173 4230 286 90 Holmes,
1506 4230 150 90 448;
1704 4228 252 91 Brenda
1999 4228 246 91 Chafin,
2293 4230 150 90 209;
2488 4227 180 93 Arvid
2716 4225 285 94 Holmes,

175 4339 132 73 163;
357 4341 186 72 Ester
583 4338 175 75 Wall,
808 4338 108 75 41;
966 4330 186 82 Lloyd
1203 4329 160 84 Ivey,
1411 4329 150 84 426.
1608 4326 49 87 A
1702 4326 312 87 business
2058 4327 270 85 session
2371 4342 139 70 was
2557 4326 166 87 held.
2779 4324 36 88 It
2859 4339 138 73 was

172 4441 219 60 moved
445 4440 129 61 and
627 4432 351 69 seconded
1032 4428 127 73 and
1207 4425 196 76 voted
1455 4431 64 70 to
1566 4431 183 70 grant
1797 4425 106 76 the
1959 4428 169 73 1990
2178 4425 277 76 Warrion
2511 4425 187 76 River
2745 4458 21 43 -
2817 4423 192 78 Clear

169 4536 198 67 Creek
417 4536 414 67 Convention
880 4539 66 64 to
993 4528 123 75 Old
1168 4525 193 78 Clear
1408 4522 211 81 Creek
1668 4522 274 81 Church.
1995 4524 133 79 The
2179 4524 378 79 Resolution
2610 4522 387 81 Committee

169 4641 304 76 reported:
517 4639 139 78 We,
702 4635 109 82 the
858 4627 346 90 resolution
1248 4621 367 96 committee
1656 4621 145 96 give
1843 4621 232 96 thanks
2116 4629 63 88 to
2221 4623 297 94 almighty
2562 4623 144 94 God
2749 4623 94 94 for

1531 4720 120 58 119
