3150 4950
171 184 217 79 Becky
447 190 246 79 Briggs,
753 196 154 73 318;
966 195 184 75 Anne
1210 195 433 75 Kazlauskas,
1710 193 148 76 139;
1915 186 238 84 Janine
2214 180 228 90 Smith,
2502 177 157 93 277;
2719 174 264 96 Delores

171 283 321 76 McGraw,
562 292 159 70 515;
786 292 142 70 Ann
999 292 276 70 Ballard,
1344 294 159 69 204;
1572 289 147 73 Lois
1783 288 325 75 Stanson,
2176 280 165 82 426;
2409 273 288 90 Charles
2763 271 219 91 Hamel

172 384 345 78 (SC),447.
577 388 136 73 The
771 391 396 70 convention
1224 390 154 72 then
1435 394 174 67 went
1666 387 127 75 into
1852 382 321 79 business
2233 375 298 87 session.
2596 372 390 90 Secretary's

174 481 258 79 Report:
483 486 151 75 This
684 490 211 73 year's
945 489 270 75 session
1267 487 66 76 of
1378 487 109 76 the
1540 481 292 82 National
1885 477 249 87 Sacred
2190 475 172 88 Harp
2413 471 403 93 Convention
2869 472 109 91 has

171 579 174 63 been
397 585 358 76 especially
804 586 138 75 well
996 586 310 75 attended
1360 586 79 75 by
1491 583 261 78 singers
1804 579 127 82 and
1986 577 304 84 listeners
2340 573 159 88 from
2554 570 75 91 all
2683 586 151 75 over
2880 573 99 88 the

171 685 265 70 county.
514 682 60 73 In
645 684 189 72 three
903 684 172 75 days
1146 682 67 76 of
1279 681 286 78 singing,
1638 679 135 79 349
1845 673 435 85 participants
2347 685 180 73 were
2599 669 375 90 registered.

174 775 319 66 Nineteen
547 787 217 55 states
816 798 174 45 were
1047 778 430 81 represented
1533 778 79 81 by
1671 777 126 82 184
1854 772 280 87 leaders,
2194 786 81 73 as
2329 769 271 90 follows:
2655 769 318 90 Alabama,

172 877 108 72 98;
342 879 313 79 Georgia,
717 883 109 75 20;
892 879 591 79 Massacuhusetts
1545 874 129 84 and
1735 874 240 84 Texas,
2044 873 81 85 15
2187 870 196 88 each;
2451 868 408 90 Mississippi,
2920 874 54 84 7;

171 975 379 75 Tennesse,
612 981 61 69 6;
738 978 268 72 Florida,
1072 976 226 73 Illinois
1359 975 127 75 and
1549 972 369 78 Louisiana,
1978 970 141 79 four
2175 969 198 81 each;
2434 969 348 81 Maryland,
2841 976 133 73 two;

175 1072 345 79 Kentucky,
573 1077 312 75 Missouri,
937 1075 156 76 New
1138 1072 402 79 Hampshire,
1591 1071 153 81 New
1786 1069 183 82 York,
2017 1068 190 84 North
2256 1066 315 85 Carolina,
2619 1066 358 85 Oklahoma,

177 1171 486 76 Pennsylvania,
708 1174 199 73 South
948 1173 295 75 Carolina
1279 1171 126 76 and
1446 1170 315 78 Vermont,
1803 1183 129 64 one
1968 1167 187 81 each.
2197 1165 114 82 We
2353 1182 151 66 urge
2544 1165 238 82 Sacred
2824 1167 151 81 Harp

174 1269 258 76 singers
477 1272 415 73 everywhere
937 1276 63 69 to
1047 1267 217 78 attend
1314 1267 126 78 and
1486 1270 268 75 support
1798 1264 157 81 their
2002 1263 157 82 local
2208 1263 310 82 singings,
2569 1263 123 82 and
2739 1270 61 75 to
2842 1270 130 75 stay

175 1365 55 60 in
282 1366 195 60 touch
528 1368 273 75 through
849 1365 583 78 correspondence
1479 1362 132 81 and
1662 1362 237 81 mutual
1947 1360 199 82 visits.
2244 1360 87 82 All
2382 1360 210 82 lovers
2641 1360 66 82 of
2751 1363 222 79 sacred

178 1462 306 76 harmony
529 1480 111 58 are
687 1462 226 76 invited
958 1468 64 70 to
1069 1461 216 78 attend
1330 1461 108 78 the
1486 1459 304 79 Eleventh
1837 1458 277 81 Session
2161 1458 66 81 of
2266 1458 108 81 the
2421 1458 283 81 National
2749 1459 228 79 Sacred

178 1560 168 76 Harp
393 1561 262 76 Singing
705 1560 421 78 Convention,
1174 1564 64 73 to
1284 1558 84 79 be
1414 1557 144 81 held
1603 1557 352 81 Thursday,
2005 1555 216 82 Friday
2268 1558 126 79 and
2440 1555 330 82 Saturday,
2815 1557 156 81 June

181 1660 79 57 14
336 1660 102 69 15,
516 1660 100 69 16,
693 1660 177 69 1990
937 1657 58 72 in
1066 1656 414 78 Birmigham.
1552 1654 138 79 End
1758 1654 69 79 of
1891 1654 322 79 business
2280 1654 298 79 session.
2652 1654 324 79 Following

177 1762 565 54 announcements
783 1755 64 61 of
885 1755 202 61 future
1128 1753 307 78 singings,
1479 1753 106 78 the
1626 1753 253 78 officers
1923 1753 96 78 led
2059 1753 106 78 the
2205 1753 243 78 closing
2490 1768 163 63 song
2695 1768 78 63 on
2814 1768 157 63 page

178 1857 105 69 62,
345 1855 129 70 and
531 1854 196 72 those
780 1854 148 72 who
982 1852 250 73 wished
1290 1852 153 73 took
1495 1852 108 73 the
1660 1852 246 78 parting
1966 1852 190 78 hand.
2215 1851 136 79 The
2404 1851 387 79 convention
2842 1867 127 63 was

177 1953 364 60 dismissed
601 1953 145 60 with
811 1968 234 61 prayer
1102 1951 79 78 by
1245 1951 105 78 Bill
1414 1951 354 78 Reynolds.
1839 1950 433 79 Immediately
2332 1950 399 79 afterwards,
2793 1950 186 79 about

177 2052 129 75 fifty
366 2052 265 76 singers
690 2052 159 76 from
910 2050 261 78 several
1231 2056 217 72 states
1507 2050 379 78 proceeded
1948 2056 63 72 to
2071 2050 166 78 Lynn
2301 2050 162 78 Park
2521 2049 54 79 in
2635 2050 339 78 downtown

181 2151 450 76 Birmingham,
687 2149 220 78 where
961 2149 148 78 they
1164 2149 418 78 participated
1639 2149 52 78 in
1747 2149 108 78 the
1906 2149 315 78 Alabama
2277 2149 250 78 Folklife
2583 2148 265 79 Festival
2899 2163 70 64 as

180 2256 135 72 part
358 2250 64 78 of
463 2250 108 78 the
615 2250 135 78 City
795 2248 244 79 Stages
1084 2265 349 63 programs.

180 2349 367 69 Chairman,
600 2347 183 78 Hugh
834 2347 313 78 McGraw;
1194 2347 153 78 Vice
1395 2347 360 78 Chairman,
1803 2347 216 78 Toney
2067 2347 219 78 Smith;
2335 2347 354 78 Secretary,
2737 2344 237 81 Warren

178 2446 210 60 Steel.

561 2548 388 93 MOORE,
981 2548 405 93 GRAVES
1411 2550 204 91 AND
1645 2548 445 93 CALVERT
2118 2547 510 94 MEMORIAL

673 2671 345 76 Addington
1048 2671 237 76 Chapel
1314 2671 261 76 Church.
1603 2671 294 76 Cullman,
1929 2670 256 78 County,
2212 2670 301 78 Alabama

1176 2770 321 73 Saturday,
1522 2770 165 73 June
1719 2772 94 72 17,
1848 2772 162 72 1989

393 2869 135 61 The
576 2869 373 75 sixtly-sixth
999 2868 286 76 sessiion
1336 2868 63 76 of
1443 2868 108 76 the
1602 2866 237 78 Moore,
1893 2866 252 78 Graves
2194 2865 124 79 and
2370 2865 249 79 Calvert
2667 2860 300 84 memorial

178 2968 255 78 singing
472 2985 142 61 was
654 2968 207 78 called
900 2973 66 73 to
1008 2967 184 79 order
1228 2967 81 79 by
1347 2965 267 81 Vernice
1656 2964 250 82 Calvert
1947 2965 252 81 leading
2238 2979 210 67 songs
2487 2979 82 67 on
2608 2976 210 70 pages
2853 2959 118 87 31b

183 3067 126 60 and
358 3070 108 57 30.
517 3067 135 60 The
702 3066 180 61 class
931 3063 346 79 organized
1330 3063 78 79 by
1455 3063 274 79 electing
1777 3063 109 79 the
1935 3063 310 79 following
2296 3061 277 81 officers:
2625 3058 340 84 Chairman,

180 3166 273 61 Vernice
505 3165 273 70 Calvert;
829 3163 154 72 Vice
1032 3162 361 73 Chairman,
1449 3160 270 75 Preston
1768 3160 237 75 Crider;
2058 3160 360 75 Secretary,
2473 3159 192 76 Marie
2713 3154 261 81 Guthrie;

180 3265 348 78 Arranging
577 3262 403 81 Committee,
1033 3261 141 82 Billy
1218 3259 315 84 Williams.
1587 3258 276 85 Finance
1911 3258 402 85 Committee,
2367 3258 283 85 Douglas
2698 3253 268 90 Howard.

183 3364 288 61 Leaders
523 3379 12 46 :
588 3363 144 76 Billy
778 3361 318 78 Williams,
1149 3360 150 79 274;
1351 3358 268 81 Preston
1671 3357 234 82 Crider,
1963 3360 144 79 159,
2161 3360 103 79 60;
2316 3357 261 82 Tommy
2625 3354 199 85 Creel,
2875 3354 91 85 73,

180 3466 106 70 37;
342 3463 172 73 Alvin
571 3462 253 75 Parker,
879 3462 106 75 26,
1039 3460 108 76 29;
1200 3457 165 79 Aver
1414 3456 234 81 Crider,
1710 3457 145 79 142,
1909 3459 154 78 309;
2121 3456 204 81 Mavis
2380 3456 196 81 Price,
2632 3456 145 81 217,
2832 3453 135 84 441.

183 3562 297 61 RECESS.

363 3660 133 60 The
537 3658 178 61 class
756 3672 138 48 was
936 3654 202 66 called
1180 3652 291 76 together
1510 3651 79 78 by
1632 3651 267 78 Preston
1944 3652 216 76 Crider
2200 3652 250 78 leading
2493 3667 165 63 song
2703 3666 78 64 on
2823 3661 154 69 page

180 3763 103 58 70.
334 3757 304 64 Leaders:
687 3756 166 66 Leon
903 3753 195 69 Price,
1150 3753 141 69 144,
1339 3751 102 70 36,
1492 3748 184 76 Floyd
1723 3748 277 76 Screws,
2047 3753 103 72 32,
2199 3753 60 72 3;
2307 3751 193 73 Eddis
2545 3748 273 76 Guthrie,
2866 3745 48 79 ?'

181 3859 225 73 Danny
451 3855 208 78 Creel,
706 3855 148 78 283,
901 3852 151 81 269;
1101 3849 168 84 Elsie
1315 3847 210 85 Moon,
1578 3849 142 84 166,
1768 3849 192 84 348b.
2014 3849 241 84 Emmie
2302 3850 124 82 Lou
2476 3850 312 82 Grayson,
2839 3847 129 85 108,

178 3960 106 69 47;
331 3954 264 75 Tressie
640 3949 258 79 Adkins,
948 3949 148 79 298,
1146 3948 103 81 78;
1302 3945 217 84 Buddy
1566 3945 234 84 Tindal,
1852 3948 102 81 77,
2005 3949 105 79 69;
2161 3948 273 81 Charles
2482 3948 207 81 Creel,
2736 3948 103 81 38,
2884 3945 93 84 39;

178 4054 178 76 Virgil
406 4051 273 79 Phillips,
732 4048 150 82 389,
939 4047 144 84 137,
1131 4045 153 85 212;
1336 4042 157 88 Unie
1542 4041 67 90 B.
1662 4041 337 90 Howared,
2055 4047 144 84 163,
2250 4047 154 84 312;
2455 4045 163 85 Ruth
2671 4041 300 90 Knowles,

177 4153 154 69 426,
397 4150 154 72 340.

180 4245 393 67 DISMISSED
597 4243 150 69 FOR
769 4239 259 73 LUNCH.

352 4347 130 60 The
522 4344 180 63 class
739 4354 138 52 was
915 4336 204 70 called
1158 4341 63 66 to
1261 4333 183 73 order
1480 4333 79 75 by
1597 4333 267 75 Vernice
1905 4335 250 73 Calvert
2196 4336 250 78 leading
2487 4354 168 61 song
2698 4354 79 61 on
2818 4347 156 69 page

177 4450 150 61 294.
381 4443 307 69 Leaders:
739 4437 195 75 Marie
984 4434 276 78 Guthrie,
1318 4432 142 79 113,
1512 4432 150 79 430;
1714 4431 195 81 Marie
1957 4434 361 78 Aldridage,
2376 4438 145 73 192,
2572 4440 153 72 436;
2775 4434 205 78 Velton

178 4546 244 70 Chafin,
472 4543 148 73 402,
669 4540 148 76 312;
864 4534 201 82 Cindy
1150 4530 295 87 Franklin,
1500 4531 141 85 112,
1695 4531 142 85 182,
1890 4533 144 84 189;
2085 4533 334 84 Eldagene

1539 4629 84 58 82
