3160 4956
1032 183 336 84 DUTCH
1395 186 327 81 TREAT
1749 181 411 85 SINGING

768 312 214 76 Shady
1008 313 205 75 Grove
1240 312 261 76 Church,
1531 313 274 75 Winston
1833 312 258 76 County,
2121 309 309 79 Alabama

1311 412 276 72 January
1615 412 249 72 1,1989

336 502 133 60 The
508 505 228 60 annual
775 507 243 58 Sacred
1059 508 165 76 Harp
1260 508 226 76 "Dutch
1522 507 210 78 Treat"
1768 504 244 81 singing
2082 517 139 67 was
2260 501 141 84 held
2442 502 63 82 at
2541 483 223 102 Shady
2803 477 189 108 Grove

184 600 303 60 Primitive
537 603 241 75 Baptist
823 604 250 73 Church
1123 604 54 73 in
1222 604 283 73 Winston
1555 603 267 75 County.
1870 600 133 78 The
2049 600 183 78 class
2275 612 141 66 was
2460 582 211 96 called
2718 585 66 93 to
2830 579 162 99 order

183 697 78 75 by
301 697 108 75 the
456 699 360 73 Chairman,
861 700 127 72 Tim
1036 700 273 72 Gilmore
1354 699 252 75 leading
1650 712 210 61 songs
1903 712 81 61 on
2029 711 216 63 pages
2287 693 178 81 345b
2511 682 127 91 and
2683 678 153 96 426.
2878 676 109 97 The

184 795 277 76 morning
502 811 225 60 prayer
759 813 138 58 was
936 796 99 75 led
1075 796 78 75 by
1192 795 96 76 Dr.
1332 795 196 76 Doyle
1564 795 313 76 Williams.
1915 792 129 79 Tim
2085 792 274 79 Gilmore
2397 789 153 82 then
2593 775 99 96 led
2733 790 162 81 song
2931 796 58 75 on

181 907 172 60 page
397 891 145 76 74b.
591 892 132 75 The
766 894 178 73 class
988 891 345 76 organized
1377 891 81 76 by
1500 889 271 78 electing
1813 889 106 78 the
1965 888 309 79 following
2320 886 282 81 officers:
2649 874 333 93 Chairman,

180 988 127 57 Tim
363 988 303 69 Gilmore;
720 990 153 67 Vice
927 988 366 69 Chairman,
1348 985 220 72 Travis
1623 985 273 72 Keeton;
1951 984 369 73 Secretary,
2376 984 133 73 Ora
2563 976 129 81 Lee
2751 973 231 84 Fannin;

180 1083 340 76 Arranging
565 1084 397 75 Committee,
1011 1083 175 76 Larry
1230 1081 309 78 Ballinger
1576 1080 126 79 and
1747 1080 55 79 L.
1849 1078 67 81 H.
1962 1078 297 81 Gilmore.
2302 1080 51 79 A
2392 1074 316 85 business
2749 1075 231 84 session

178 1195 141 43 was
381 1179 147 60 held
585 1186 66 52 to
706 1180 174 58 elect
937 1179 262 60 officers
1258 1177 96 61 for
1407 1177 111 61 the
1579 1176 321 69 Houston,
1962 1174 399 76 Mississippi
2422 1171 211 79 Radio
2692 1186 285 64 program.

180 1276 286 58 Officers
532 1276 264 58 elected
861 1290 199 45 were:
1129 1273 367 69 President,
1569 1273 213 69 Elmer
1845 1272 289 70 Conwill;
2203 1272 162 70 First
2425 1270 162 72 Vice
2655 1267 327 81 President,

178 1372 225 58 Travis
469 1371 277 69 Keeton;
814 1369 271 70 Second
1152 1368 157 72 Vice
1375 1369 369 70 President,
1812 1368 186 73 Larry
2064 1368 346 75 Ballinger;
2478 1366 346 78 Secretary
2881 1375 102 69 and

178 1468 334 69 Treasure,
553 1468 255 72 Johnny
850 1467 294 73 Humber.
1189 1464 130 76 End
1362 1465 66 75 of
1464 1465 310 75 business
1812 1464 288 76 session.
2172 1464 136 76 The
2346 1464 321 76 chairman
2709 1467 94 73 led
2839 1485 136 64 song

181 1579 79 42 on
304 1579 172 60 page
517 1566 130 73 460
690 1563 126 76 and
861 1561 256 78 leaders
1155 1578 172 61 were
1366 1561 229 78 called:
1642 1561 175 78 Larry
1863 1561 325 78 Ballinger,
2232 1561 151 78 31b;
2430 1563 276 76 Dawson
2745 1566 229 76 Adams,

178 1662 105 67 57,
333 1662 109 67 48;
490 1659 132 70 Ora
672 1659 126 70 Lee
847 1659 261 70 Fannin,
1158 1659 153 70 39b;
1360 1659 177 70 565b
1585 1659 268 70 Howard
1906 1657 291 78 Godsey,
2250 1662 103 73 73,
2404 1663 105 72 34;
2559 1662 250 73 Sandra
2853 1666 121 73 Bell,

178 1758 153 67 391,
393 1756 156 69 436;
612 1756 99 69 Dr.
777 1756 201 73 Doyle
1036 1756 325 73 Williams,
1423 1759 153 70 216,
1638 1759 154 70 217;
1849 1758 193 72 Josie
2101 1759 205 75 Hyde,
2373 1762 145 72 198,
2578 1765 153 69 218;
2787 1764 189 70 Travis

181 1852 268 69 Keeton,
499 1855 148 67 203,
697 1855 151 67 209;
900 1854 142 69 Lisa
1087 1854 277 69 Gilmore
1411 1854 99 69 led
1599 1872 168 61 song
1813 1872 82 61 on
1944 1872 174 63 page
2163 1860 85 75 77
2295 1858 52 76 in
2398 1875 279 63 memory
2721 1863 64 75 of
2824 1864 150 78 Ruby

180 1950 250 58 Conwill
471 1950 124 60 and
636 1953 84 57 67
760 1950 52 60 in
853 1966 280 60 memory
1173 1953 63 73 of
1275 1953 198 76 Ralph
1510 1953 262 76 Adams.

181 2047 298 60 RECESS.

399 2146 180 75 Larry
631 2146 316 78 Ballinger
991 2148 208 76 called
1252 2149 108 75 the
1410 2151 181 73 class
1639 2158 63 66 to
1753 2154 187 70 order
1989 2154 252 79 leading
2292 2173 168 61 song
2511 2173 82 61 on
2643 2173 168 64 page
2854 2163 121 75 431.

181 2244 309 61 Leaders:
543 2245 210 76 Henry
801 2247 303 76 Guthery,
1155 2251 148 72 507,
1356 2253 150 70 522;
1558 2251 160 72 Eron
1768 2253 222 72 White,
2046 2256 142 70 172,
2239 2257 151 70 380;
2437 2257 240 70 Alonzo
2728 2259 241 73 Malone,

178 2344 103 69 78,
339 2346 153 70 405;
550 2344 241 72 Hubert
846 2346 207 72 Hood,
1105 2350 153 69 340,
1314 2352 151 69 480;
1522 2350 57 70 L.
1638 2350 64 70 E.
1761 2352 295 72 Hannah,
2112 2358 150 67 500,
2322 2358 124 67 189
2499 2356 55 69 in
2610 2373 270 61 memory
2923 2359 51 75 of

181 2442 180 76 Ruby
411 2443 280 75 Conwill;
742 2445 181 73 Scott
970 2446 301 76 Guthery,
1323 2449 102 73 30,
1482 2451 144 72 108;
1680 2451 246 72 Debbie
1972 2452 370 72 Wakefield,
2394 2457 145 69 365,
2592 2457 147 70 477;
2784 2457 187 76 Teddy

180 2541 292 76 Godsey,
526 2545 144 72 168,
720 2545 151 72 328;
918 2545 141 72 Ada
1104 2545 289 78 Godsey,
1443 2550 147 73 395,
1645 2551 141 72 161.

181 2640 396 63 DISMISSED
603 2643 151 60 FOR
777 2643 262 61 LUNCH.

337 2740 135 61 The
511 2742 330 61 afternoon
880 2743 265 61 session
1182 2760 138 46 was
1356 2746 202 60 called
1597 2748 289 75 together
1921 2748 79 75 by
2035 2749 127 73 Tim
2202 2751 273 72 Gilmore
2515 2752 241 78 leading
2791 2769 177 61 songs

178 2856 82 43 on
327 2857 222 60 pages
610 2844 132 73 205
807 2842 129 75 and
999 2845 153 72 208.
1221 2844 315 73 Leaders:
1602 2845 243 72 Robert
1906 2845 265 72 Fannin,
2244 2851 148 67 147,
2464 2853 148 69 146;
2679 2851 291 78 Margaret

180 2938 267 72 Keeton,
498 2943 150 67 212,
697 2943 153 69 389;
901 2941 205 70 Elmer
1150 2941 274 70 Conwill,
1480 2944 142 69 129,
1674 2943 147 70 68b;
1872 2944 147 69 Lola
2065 2944 363 73 Roberson,
2485 2952 141 69 182,
2676 2953 144 69 511;
2866 2950 103 75 Fay

180 3037 409 70 Donaldson,
654 3040 150 67 421,
868 3040 154 69 371;
1087 3039 243 70 Robert
1384 3039 321 76 Aldridge,
1768 3042 150 73 441,
1981 3043 154 72 442;
2200 3042 201 73 Marie
2460 3048 321 78 Aldridge,
2845 3051 121 75 192,

174 3138 154 69 316;
393 3136 198 70 Hollis
654 3136 294 75 Godsey,
1012 3139 150 72 300,
1227 3139 151 72 434;
1443 3136 234 75 Sherry
1737 3138 304 73 Guthery,
2104 3141 105 70 58,
2277 3142 106 70 64;
2448 3145 262 67 Corene
2767 3147 199 70 White,

174 3237 154 67 314;
388 3234 226 70 Arthur
669 3234 210 70 Ward,
940 3237 151 67 388,
1155 3235 154 69 336;
1371 3234 241 70 Estelle
1671 3234 229 70 Glenn,
1963 3237 105 67 81,
2136 3238 174 66 131b
2364 3241 268 78 Johnny
2692 3246 274 73 Humber,

178 3334 147 66 134,
399 3331 196 69 176b;
663 3331 232 69 Pernie
961 3331 271 75 Pelfrey,
1302 3331 165 75 Eron
1530 3330 223 76 White,
1822 3331 369 75 Rosealtha
2251 3334 250 78 Taylor,
2571 3346 106 67 82,
2748 3346 121 67 179
2926 3343 43 70 in

175 3444 288 58 memory
526 3427 66 75 of
651 3427 184 75 Ruby
895 3427 283 75 Conwill;
1242 3427 229 75 Pernie
1534 3427 270 75 Pelfrey,
1867 3427 108 75 56;
2040 3429 235 73 Kermit
2332 3435 273 76 Adams,
2670 3445 106 67 83,
2838 3444 132 69 383;

174 3525 196 60 Lewis
448 3525 126 60 and
621 3523 232 61 Estelle
897 3523 291 69 Gilmore,
1231 3525 145 67 376.
1456 3522 126 70 Tim
1626 3522 271 70 Gilmore
1941 3523 97 69 led
2080 3541 168 61 song
2292 3546 81 57 on
2416 3550 175 63 page
2631 3540 87 73 46
2758 3540 90 73 for
2881 3540 90 73 the

169 3622 243 75 closing
457 3637 186 60 song.
694 3621 195 76 Lewis
934 3619 273 78 Gilmore
1248 3619 348 78 dismissed
1636 3619 106 78 the
1785 3619 177 78 class
2002 3621 136 76 with
2184 3640 246 61 prayer.

169 3720 361 67 Chairman,
580 3718 126 69 Tim
754 3717 295 70 Gilmore;
1096 3717 150 70 Vice
1291 3715 358 72 Chairman,
1698 3717 211 70 Travis
1957 3717 270 75 Keeton;
2275 3724 363 84 Secretary,
2688 3738 130 70 Ora
2862 3738 111 70 Lee

169 3816 246 60 Fannin.

754 3915 469 79 ORIGINAL
1260 3913 334 81 DUTCH
1627 3915 324 79 TREAT
1981 3916 415 90 SINGING

850 4038 172 58 West
1050 4036 268 75 Georgia
1342 4036 271 76 College,
1647 4038 345 75 Carrollton,
2023 4041 274 79 Georgia

1287 4132 274 75 January
1584 4135 253 72 2,1989

319 4234 130 60 The
490 4231 228 63 annual
760 4230 223 64 "Dutch
1023 4230 180 64 Treat
1240 4231 22 63 "
1299 4230 72 64 all
1408 4230 124 75 day
1569 4231 241 73 Sacred
1851 4233 165 78 Harp
2053 4236 258 81 Singing
2349 4260 139 57 was
2527 4251 145 66 held
2710 4260 109 61 the
2856 4263 120 60 first

159 4333 264 72 Sunday
460 4330 51 75 in
547 4329 279 76 January
864 4333 61 72 at
960 4326 174 79 West
1170 4327 274 78 Georgia
1480 4327 277 78 College.
1830 4330 130 75 The
1995 4333 246 79 singing
2278 4354 139 58 was
2454 4348 205 64 called
2695 4362 64 55 to
2799 4362 178 60 order

157 4429 78 73 by
273 4429 210 73 Myron
522 4426 220 76 House
778 4423 243 79 leading
1057 4438 163 64 song
1257 4438 79 64 on
1374 4438 169 64 page
1576 4426 100 76 59.
1717 4425 229 78 Prayer
1977 4444 136 58 was
2179 4432 99 70 led
2314 4435 81 76 by
2433 4440 232 72 Lonnie
2703 4453 267 81 Rogers.

157 4527 216 73 Myron
429 4524 226 76 House
705 4521 151 79 then
913 4519 97 81 led
1063 4534 166 66 song
1285 4534 81 66 on
1417 4536 175 64 page
1648 4524 144 76 105.
1848 4524 96 76 He
1992 4542 141 58 was
2185 4530 297 70 followed
2538 4540 102 75 by:
2697 4549 274 69 Richard

157 4623 268 73 DeLong
508 4620 297 76 158,121;
850 4615 315 81 Charlene
1206 4615 405 81 Wallace,49,
1662 4620 139 76 139.
1845 4621 133 75 The
2019 4624 178 72 class
2238 4644 136 52 was

1519 4716 78 51 14
