3150 4950
135 135 229 64 closed
417 135 145 64 with
616 138 112 61 the
780 141 364 60 traditional
1197 144 285 76 "Parting
1540 144 216 76 Hand"
1812 159 175 61 page
2038 144 108 76 62,
2203 141 108 79 (by
2359 139 337 81 Jeremiah
2755 138 234 82 Ingalls

136 237 139 61 who
324 235 162 63 lived
537 243 111 55 not
691 237 96 61 far
834 255 184 60 away
1065 240 57 75 in
1173 241 360 75 Newberry,
1581 241 352 75 Vermont.)

141 336 363 70 Chairman,
556 334 183 76 Larry
787 337 291 73 Gordon;
1125 339 154 72 Vice
1330 339 364 72 Chairman,
1744 339 259 72 William
2055 337 331 73 Morrison;
2436 337 364 73 Secretary,
2856 336 138 75 L.H.

144 436 310 78 Spencer;
501 433 349 81 Arranging
897 436 403 78 Committee,
1351 436 201 78 Pippa
1596 436 151 78 Hall.

1134 541 469 76 HARPETH
1635 538 376 79 VALLEY

951 667 271 78 Harpeth
1249 667 208 78 Valley
1486 667 430 78 Presbyterian
1947 667 244 78 Church

1366 768 153 78 April
1548 768 226 78 1,1989

352 867 136 61 The
538 867 339 61 thirteenth
928 867 271 61 session
1251 867 64 61 of
1359 867 111 61 the
1518 867 237 61 annual
1807 867 262 75 Priestly
2122 865 193 76 Miller
2362 865 327 76 Memorial
2740 865 250 76 Sacred

154 969 165 78 Harp
370 967 267 79 Singing
690 982 144 64 was
889 966 148 81 held
1092 967 108 79 the
1252 967 135 79 first
1438 967 324 79 Saturday
1815 967 165 79 after
2031 966 235 81 Easter
2316 972 64 75 at
2433 964 285 82 Harpeth
2770 964 222 82 Valley

156 1066 444 76 Presbyterian
649 1066 253 76 Church
996 1083 81 60 on
1128 1066 291 76 highway
1465 1068 117 75 431
1642 1065 192 78 south
1885 1065 64 78 of
1995 1065 345 78 Nashville,
2391 1065 418 78 Tennessee.
2857 1063 136 79 The

153 1168 175 60 class
369 1182 142 46 was
553 1165 211 63 called
810 1171 67 57 to
921 1165 189 63 order
1152 1165 81 76 by
1278 1165 129 76 Tim
1455 1165 331 76 Reynolds
1833 1165 255 76 leading
2133 1180 171 61 song
2352 1180 81 61 on
2481 1180 174 61 page
2706 1162 288 79 128.The

159 1266 271 78 morning
468 1281 225 63 prayer
723 1281 141 63 was
904 1266 97 78 led
1041 1266 79 78 by
1158 1266 258 78 Gordon
1453 1266 364 78 Wilkerson.
1858 1264 127 79 Tim
2026 1264 325 79 Reynolds
2386 1264 151 79 then
2578 1263 96 81 led
2713 1279 166 64 song
2920 1278 79 66 on

157 1383 168 61 page
375 1365 148 79 73b.
577 1365 138 79 The
763 1365 184 79 class
994 1381 144 63 was
1189 1363 351 81 organized
1593 1363 93 81 for
1732 1363 109 81 the
1893 1363 126 81 day
2068 1363 79 81 by
2199 1363 276 81 electing
2527 1362 109 82 the
2685 1362 315 82 following

159 1465 276 60 officers:
492 1464 372 70 Chairman,
922 1464 186 78 Doug
1168 1464 247 78 Foster;
1471 1464 366 78 Secretary,
1897 1462 325 79 Charlene
2277 1462 309 79 Wallace;
2641 1461 351 81 Arranging

160 1564 396 70 Committee,
601 1563 121 72 Jim
771 1564 256 70 Carnes
1071 1563 127 72 and
1242 1563 129 72 Tim
1420 1563 346 75 Reynolds.
1818 1563 183 76 Doug
2047 1561 226 78 Foster
2311 1561 153 78 then
2512 1561 99 78 led
2656 1576 211 63 songs
2913 1576 81 63 on

160 1680 207 63 pages
409 1665 132 78 327
583 1662 130 81 and
754 1663 154 79 338.
955 1662 310 81 Leaders:
1305 1662 126 81 Jim
1476 1662 271 81 Carnes,
1794 1663 103 79 32,
1944 1660 153 82 30b;
2143 1660 267 82 Clayton
2455 1659 190 84 Ezell,
2689 1660 106 82 39,
2842 1660 154 82 373;

162 1762 316 61 Charlene
520 1761 306 72 Wallace,
876 1764 105 69 40,
1035 1764 145 69 186;
1231 1761 205 72 Karen
1488 1761 148 72 Box,
1692 1762 142 70 159,
1882 1761 151 72 36b;
2080 1759 76 73 O.
2209 1759 63 73 K.
2325 1759 271 73 Rooker,
2646 1761 148 72 335,
2844 1759 150 73 421;

162 1863 159 60 Aver
370 1861 237 70 Crider,
663 1863 105 69 48,
826 1861 105 70 73;
987 1860 184 72 Brian
1222 1860 283 72 Tolliver,
1561 1861 103 70 45,
1726 1861 147 70 153;
1927 1858 178 75 Revy
2155 1858 414 75 Williamson,
2623 1860 105 73 35,
2784 1857 150 76 37b.

165 1960 291 61 RECESS.

322 2061 133 60 The
493 2059 180 61 class
709 2076 141 45 was
889 2059 205 61 called
1134 2065 63 55 to
1236 2059 184 61 order
1456 2058 79 75 by
1576 2058 181 76 Doug
1801 2058 222 76 Foster
2061 2056 249 78 leading
2349 2071 168 63 song
2559 2071 81 63 on
2680 2071 172 63 page
2892 2056 102 78 56.

166 2160 316 60 Leaders:
558 2158 153 61 Lisa
781 2157 231 72 Davis,
1086 2160 157 69 200,
1320 2160 111 69 99;
1501 2157 184 72 Todd
1762 2155 286 73 Parrish,
2122 2157 109 72 30,
2307 2157 109 72 59,
2490 2155 159 73 282;
2724 2154 273 75 Gordon

163 2259 375 70 Wilkerson,
601 2260 154 69 313,
817 2257 205 72 312b;
1086 2257 177 72 Lona
1320 2257 322 76 Spencer,
1708 2257 105 76 63,
1873 2257 154 76 290;
2092 2254 166 79 Mike
2320 2254 252 79 Hinton,
2634 2254 154 79 288,
2856 2254 148 79 146;

168 2358 249 60 Brenda
459 2358 250 70 Chafin,
762 2358 144 70 192,
954 2358 151 70 434;
1155 2355 229 73 Harold
1434 2355 150 73 Fair,
1633 2356 102 72 61,
1783 2356 151 72 209;
1983 2353 252 75 Sharon
2277 2352 336 76 Wegman,
2662 2353 103 75 64,
2818 2353 142 75 106.

169 2457 289 60 RECESS.

324 2556 180 78 Doug
547 2556 225 78 Foster
804 2554 207 79 called
1048 2553 109 81 the
1194 2553 177 81 class
1407 2557 67 76 to
1509 2551 183 82 order
1729 2551 249 82 leading
2016 2566 165 67 song
2223 2565 81 69 on
2341 2565 172 69 page
2551 2551 102 82 78.
2697 2548 301 85 Leaders:

171 2655 267 60 Preston
498 2655 243 70 Crider,
801 2653 154 72 83b,
1015 2652 154 73 48b;
1231 2650 297 75 Beatrice
1587 2649 193 76 Ezell,
1839 2652 150 73 340,
2050 2650 151 75 348;
2260 2647 264 78 Warren
2583 2647 202 78 Steel,
2845 2649 151 76 214,

166 2755 147 70 215;
369 2754 202 75 Kathy
624 2752 156 76 Hull,
838 2754 147 75 143,
1039 2752 153 76 354.

171 2853 388 60 DISMISSED
583 2853 153 60 FOR
759 2851 265 61 LUNCH.

333 2952 133 60 The
508 2952 336 60 afternoon
885 2949 267 63 session
1194 2964 141 48 was
1372 2946 202 66 called
1617 2952 61 60 to
1720 2944 183 67 order
1941 2944 81 75 by
2062 2944 180 76 Doug
2287 2943 225 78 Foster
2550 2941 249 79 leading
2841 2958 166 63 song

169 3066 78 45 on
303 3067 175 61 page
535 3052 108 76 84.
706 3049 316 79 Leaders:
1084 3046 250 82 Mickey
1395 3046 150 82 Box,
1605 3046 151 82 268,
1816 3045 154 84 277;
2031 3042 174 87 Mary
2262 3042 165 87 Ruth
2487 3040 298 88 Cannon,
2851 3042 145 87 133,

172 3150 193 72 108b;
436 3150 237 72 Velton
750 3147 262 75 Chafin,
1092 3148 150 73 144,
1324 3147 151 75 155;
1549 3142 289 79 Carlene
1911 3141 246 81 Griffin,
2235 3141 150 81 171,
2458 3142 159 79 345;
2692 3139 313 82 Matthew

163 3249 261 72 Jordan,
480 3252 153 69 454,
687 3250 156 70 480;
895 3247 264 73 William
1207 3244 61 76 J.
1326 3243 159 78 (Bill)
1540 3241 352 79 Reynolds,
1947 3243 106 78 85,
2113 3241 147 79 196;
2316 3238 151 82 Emil
2521 3238 271 82 Marrug,
2847 3241 151 79 455,

168 3351 105 69 50;
331 3349 177 70 Mark
565 3346 223 73 Davis,
847 3348 154 72 383,
1062 3346 156 73 236;
1279 3342 166 78 Mike
1506 3340 247 79 Hinton,
1816 3340 153 79 543;
2031 3337 174 82 Mary
2263 3336 163 84 Ruth
2485 3336 303 84 Cannon,
2853 3337 148 82 139;

171 3447 267 76 Clayton
507 3447 196 76 Ezell,
774 3447 151 76 163;
991 3444 181 79 Revy
1233 3439 586 84 Williamson,172;
1885 3435 261 88 Brenda
2206 3435 255 88 Chafin,
2527 3436 156 87 269;
2746 3433 262 90 Warren

171 3546 193 72 Steel,
426 3549 147 69 131;
631 3544 205 75 Kathy
889 3541 157 78 Hull,
1104 3543 151 76 551;
1309 3538 225 81 Velton
1590 3535 250 84 Chafin,
1897 3537 103 82 97;
2058 3534 144 85 Lisa
2256 3532 217 87 Davis,
2529 3534 151 85 280;
2737 3531 273 88 Preston

169 3645 232 73 Crider,
459 3648 156 70 369;
672 3645 169 73 Aver
897 3640 240 78 Crider,
1195 3640 154 78 220;
1407 3636 265 82 Gorden
1726 3634 381 84 Wilkerson,
2164 3633 154 85 436;
2377 3630 304 88 Matthew
2730 3630 270 88 Jordan,

166 3747 141 60 460.
348 3745 171 61 After
553 3747 588 64 announcements,
1186 3739 183 76 Doug
1408 3736 225 79 Foster
1666 3733 100 82 led
1803 3748 171 67 song
2010 3748 85 67 on
2133 3747 172 69 page
2340 3732 132 84 342
2508 3745 81 70 as
2625 3730 108 85 the
2767 3730 244 85 closing

168 3861 181 63 song.
393 3846 135 78 The
568 3844 180 79 class
787 3858 142 66 was
970 3840 354 84 dismissed
1365 3835 138 88 with
1545 3849 226 75 prayer
1809 3834 78 90 by
1926 3831 256 93 William
2221 3829 55 94 J.
2325 3829 343 94 Reynolds.

168 3945 355 72 Chairman,
574 3945 184 76 Doug
807 3942 246 79 Foster;
1098 3939 361 82 Secretary,
1506 3933 322 88 Charlene
1869 3930 300 91 Wallace.

745 4039 784 88 EDWARDSVILLE
1566 4035 411 93 BAPTIST
2007 4032 429 96 CHURCH

1126 4168 312 61 Cleburne
1465 4165 261 73 County,
1753 4161 307 78 Alabama

1369 4264 153 79 April
1545 4266 60 78 2,
1641 4264 165 79 1989

312 4378 133 61 The
484 4375 235 64 annual
759 4371 249 69 Sacred
1048 4369 168 76 Harp
1252 4365 258 81 Singing
1551 4362 142 84 held
1731 4368 61 78 at
1831 4357 439 88 Edwardsville
2310 4357 238 88 Baptist
2584 4357 247 88 Church
2868 4375 138 70 was

160 4477 198 61 called
397 4483 64 55 to
502 4476 187 63 order
726 4473 82 73 by
847 4471 66 75 B.
957 4468 78 78 M.
1078 4465 198 81 Smith
1320 4464 249 82 leading
1608 4476 166 70 song
1816 4474 81 72 on
1938 4473 172 73 page
2146 4458 103 88 59.
2292 4456 132 90 The
2466 4456 277 90 morning
2785 4473 225 73 prayer

157 4591 135 45 was
342 4576 102 61 led
495 4576 81 75 by
627 4572 169 79 Billie
840 4569 130 82 Joe
1021 4564 232 87 Harris.
1306 4563 66 88 B.
1425 4561 79 90 M.
1555 4558 201 93 Smith
1803 4558 153 93 then
2007 4555 99 96 led
2157 4570 172 81 page
2383 4555 111 96 101
2637 4554 94 97 for
2776 4554 237 97 Lonnie

160 4675 268 79 Rogers,
477 4674 147 81 who
666 4686 142 69 was
856 4668 67 87 ill.
975 4665 174 90 Cecil
1198 4660 325 94 Edwards,
1573 4657 147 97 68b,
1770 4657 103 97 61;
1923 4654 172 100 Mary
2140 4653 61 102 F.
2251 4653 217 102 Smith,
2517 4656 105 99 41,
2668 4653 151 102 49b;

1546 4759 87 58 39
