3150 4950
165 151 237 66 William
450 151 274 78 Barnes,
775 157 171 72 Vera
990 162 207 73 Nunn,
1246 163 189 78 Lloyd
1482 165 268 76 Elmore,
1798 163 208 78 Harlie
2050 160 279 81 Guthrie,
2373 159 177 82 John
2595 156 370 85 Galbreath,

147 267 247 66 Emmett
447 262 315 78 Stricklin,
819 270 166 70 Cleo
1041 271 250 79 Capps,
1351 273 201 78 Hazel
1611 273 214 78 Moon,
1885 271 181 79 Larry
2122 268 264 82 Fannin,
2446 267 183 84 Ruby
2683 264 282 87 Conwill,

148 364 211 69 Bessie
414 363 244 75 Crider,
717 367 210 70 Addie
982 370 321 72 Sanders,
1360 372 207 70 Violet
1621 372 250 70 Hinton,
1932 370 150 72 Mrs.
2139 369 69 73 A.
2265 367 69 75 A.
2394 366 283 76 Malone,
2734 363 232 79 Arnold

150 465 177 72 Creel,
372 463 229 73 Luther
642 465 424 75 McClendon,
1114 469 258 78 Maggie
1414 469 270 78 Parrish,
1729 468 142 79 Carl
1915 468 252 79 Calvert
2208 465 129 82 and
2377 465 247 82 Clinton
2668 462 298 85 Gilmore.

153 564 255 67 Leaders
453 562 96 69 for
591 562 111 69 the
751 567 330 64 memorial
1126 583 141 48 was
1312 567 225 64 Velton
1587 565 247 72 Chafin,
1888 567 145 70 175,
2089 565 147 72 142;
2286 562 315 75 Freeman
2647 559 319 78 Wootten,

153 670 124 67 460,
325 664 141 73 122.
516 661 180 76 Edith
739 664 162 73 Tate
949 666 99 72 led
1093 667 85 70 34
1224 666 127 72 and
1396 667 130 70 387
1569 666 97 72 for
1705 664 108 73 the
1857 663 312 76 following
2214 661 138 78 sick
2394 661 127 78 and
2566 658 303 81 shut-ins.
2920 657 54 82 L.

156 768 57 63 C.
253 763 226 72 Crider,
526 762 330 73 Willodian
906 765 228 70 Butler,
1183 763 235 72 Mamie
1465 763 207 72 Creel,
1725 762 204 73 Lucile
1972 762 271 73 Tolbert,
2295 759 313 76 Kathleen
2656 756 312 79 Robbins,

160 867 120 61 Irvin
327 862 207 70 Creel,
585 861 288 72 Chester
919 862 210 70 Creel,
1180 862 235 70 Walter
1464 862 252 70 Parker,
1771 861 90 72 Mr
1908 859 127 73 and
2088 859 126 73 Mrs
2260 858 226 75 Jethro
2536 856 249 76 Collett.
2836 855 135 78 The

160 960 291 66 memorial
529 975 142 51 was
711 958 231 67 closed
982 960 142 66 with
1167 975 231 61 prayer
1434 960 84 76 by
1560 958 274 78 Charles
1876 957 205 79 Creel.

162 1059 375 66 DISMISSED
562 1059 154 66 FOR
741 1057 273 67 LUNCH.

289 1159 126 60 The
451 1158 330 61 afternoon
817 1156 265 63 session
1123 1155 300 64 resumed
1459 1155 138 64 with
1636 1155 265 64 Preston
1941 1153 214 66 Crider
2190 1152 249 76 leading
2476 1165 166 63 song
2680 1165 82 63 on
2802 1164 171 64 page

160 1261 127 60 409.
340 1257 312 64 Leaders:
708 1255 214 75 Henry
973 1255 307 75 Guthery,
1336 1258 153 72 505,
1543 1257 156 73 573;
1753 1252 306 78 Harrison
2112 1251 214 79 Creel,
2379 1252 154 78 498,
2587 1251 156 79 530;
2800 1246 172 84 Elsie

166 1357 277 75 Beasley,
505 1357 156 75 395,
721 1357 157 75 416;
942 1354 196 78 Essie
1200 1353 280 79 Calvert,
1543 1354 153 78 282,
1759 1354 154 78 345;
1978 1351 150 81 Billy
2184 1350 331 82 Williams,
2578 1348 154 84 297;
2799 1345 177 87 Buck

165 1459 205 69 Aaron,
424 1455 151 73 76b,
633 1455 199 73 343b;
891 1453 298 75 Kenneth
1248 1453 264 75 Fannin,
1567 1455 151 73 406,
1782 1453 150 75 172;
1989 1450 198 78 Marie
2241 1449 318 79 Aldridge,
2616 1449 154 79 336,
2827 1447 154 81 304;

168 1557 154 75 Ruby
372 1554 274 79 Phillips,
696 1555 151 78 285,
898 1554 154 79 39b;
1102 1552 340 81 Woodrow
1492 1552 247 81 Hocutt,
1792 1552 105 81 45,
1951 1552 150 81 280;
2152 1548 354 85 Willodean
2559 1546 255 87 Barton,
2866 1546 105 87 44,

171 1657 124 70 182;
346 1654 312 73 Freeman
709 1654 322 73 Wootten,
1086 1654 103 73 53,
1242 1654 109 73 30;
1402 1651 264 76 Tressie
1716 1650 262 78 Adkins,
2032 1651 150 76 379,
2236 1650 153 78 382;
2440 1645 231 82 Ozella
2721 1644 252 84 Chafin,

168 1758 129 69 405,
345 1756 151 70 419;
544 1753 276 73 Vernice
871 1752 277 75 Calvert,
1200 1753 153 73 491,
1405 1750 277 76 Charles
1732 1749 211 78 Creel,
1995 1750 154 76 216;
2202 1747 274 79 Preston
2529 1744 241 82 Crider,
2821 1744 151 82 429.

168 1854 112 60 The
322 1852 265 61 location
630 1851 369 63 committee
1044 1851 291 78 reported
1378 1851 135 78 that
1552 1849 108 79 the
1708 1851 168 78 1990
1918 1848 268 81 session
2227 1845 109 84 will
2380 1845 84 84 be
2506 1843 166 85 back
2718 1843 154 85 here
2917 1848 61 81 at

171 1953 208 73 Liberty
415 1951 267 75 Church.
756 1951 265 75 Preston
1062 1950 216 76 Crider
1311 1950 150 76 then
1498 1948 100 78 led
1636 1963 165 63 song
1842 1963 81 63 on
1962 1962 169 64 page
2169 1947 82 79 62
2289 1944 127 82 and
2454 1944 73 82 all
2563 1942 142 84 who
2739 1939 244 87 wished

169 2050 130 61 took
346 2050 106 61 the
505 2049 253 78 Parting
814 2049 207 78 Hand.
1075 2049 138 78 The
1264 2047 183 79 class
1498 2062 141 64 was
1687 2044 363 82 dismissed
2100 2043 144 84 with
2293 2058 235 69 prayer
2577 2041 81 85 by
2709 2038 277 88 Charles

171 2149 192 60 Creel.

172 2247 337 70 Chairman,
565 2247 271 70 Preston
889 2245 238 72 Crider;
1179 2245 154 72 Vice
1383 2244 366 73 Chairman,
1803 2241 276 76 Charles
2128 2239 210 78 Creel;
2389 2239 364 78 Secretary,
2809 2235 177 82 Edith

171 2344 163 61 Tate.

304 2448 189 78 THE
528 2448 366 79 UNITED
928 2445 415 82 SACRED
1380 2445 270 82 HARP
1686 2440 441 87 MUSICAL
2155 2434 679 93 ASSOCIATION

942 2571 207 60 Burritt
1174 2569 310 69 Museum,
1516 2566 348 72 Huntsville,
1893 2563 306 75 Alabama

1174 2667 381 78 September
1576 2667 57 78 9,
1668 2667 94 78 10,
1798 2665 162 79 1989

316 2769 126 61 The
480 2769 235 78 eighty-
751 2769 160 78 sixth
951 2767 267 79 session
1257 2766 64 81 of
1354 2764 133 82 The
1528 2763 220 84 United
1789 2760 244 87 Sacred
2074 2760 166 87 Harp
2280 2757 261 90 Musical
2580 2754 402 93 Association

178 2874 112 54 met
333 2874 61 54 at
438 2868 211 60 Burritt
697 2868 325 69 Museum,
1074 2866 54 70 in
1180 2863 370 73 Huntsville,
1597 2860 334 76 Alabama.
1980 2859 136 78 The
2163 2856 321 81 Saturday
2527 2854 270 82 session
2842 2868 141 69 was

175 2965 187 60 called
409 2973 60 54 to
519 2967 187 60 order
753 2967 81 75 by
885 2964 199 78 David
1140 2964 141 78 Ivey
1333 2961 253 81 leading
1638 2974 210 67 songs
1897 2973 81 69 on
2031 2971 213 70 pages
2292 2953 132 88 37b
2472 2952 127 90 and
2649 2952 148 90 30b.
2850 2950 135 91 The

180 3064 255 79 morning
471 3081 223 63 prayer
727 3081 141 63 was
907 3064 100 79 led
1047 3063 79 81 by
1167 3063 64 81 E.
1273 3061 73 82 C.
1389 3061 253 82 Bowen.
1714 3057 135 87 The
1887 3055 253 88 officers
2173 3069 169 75 were
2380 3051 204 93 called
2622 3057 64 87 to
2725 3049 142 94 lead
2907 3064 78 79 as

177 3162 250 64 follows:
489 3165 219 61 Linton
774 3165 343 78 Ballinger,
1186 3163 153 79 137;
1404 3160 150 82 Mae
1614 3157 345 85 Seymour,
2022 3156 156 87 460;
2238 3151 183 91 Virgil
2484 3150 282 93 Phillips,
2835 3150 150 93 189;

177 3261 117 63 Ted
336 3264 256 73 Mercer,
639 3265 148 72 48b.
838 3264 280 76 Regular
1161 3261 283 79 leaders:
1491 3256 267 84 Hershel
1804 3255 172 85 King,
2029 3255 144 85 112;
2223 3252 136 88 Don
2406 3250 256 90 Bowen,
2715 3250 144 90 198;
2901 3247 91 93 Jill

180 3360 307 81 Ballinger,
538 3366 156 75 212;
747 3363 189 78 Lloyd
991 3361 163 79 Ivey,
1206 3360 154 81 438;
1413 3355 238 85 Estelle
1702 3354 255 87 Napier,
2008 3352 154 88 493;
2214 3348 193 93 Emily
2458 3346 333 94 Ballinger,
2842 3346 153 94 290;

180 3457 210 63 Lamar
451 3462 229 70 Smith,
750 3462 157 70 298;
979 3457 238 75 Pernie
1284 3454 277 78 Pelfrey,
1629 3453 159 79 371;
1852 3450 259 82 Teresa
2176 3445 345 87 Ballinger,
2590 3442 204 90 354b;
2860 3442 130 90 Jap

178 3555 249 76 Walton,
484 3562 154 69 490;
699 3559 159 72 Pam
916 3556 271 75 Adams,
1251 3555 150 76 171;
1459 3549 268 82 Stanley
1785 3546 225 85 Smith,
2068 3546 153 85 318;
2278 3543 159 88 Sam
2493 3543 237 88 Jones,
2788 3540 199 91 317b;

180 3652 189 79 Henry
406 3657 321 75 Johnson,
774 3658 111 73 89;
931 3655 70 76 H.
1050 3652 70 79 H.
1170 3651 291 81 Hudson,
1507 3649 151 82 340;
1705 3645 211 87 Debra
1962 3642 297 90 Langley,
2310 3640 147 91 182;
2500 3637 217 94 Kelley
2760 3636 228 96 Beard,

178 3753 147 63 359.

181 3849 273 66 RECESS.

364 3952 132 63 The
534 3952 387 63 convention
966 3943 453 72 reassembled
1456 3942 141 73 with
1638 3939 199 76 David
1879 3937 139 78 Ivey
2061 3934 249 81 leading
2352 3948 166 67 song
2559 3946 81 69 on
2683 3946 171 69 page
2893 3931 103 84 88.

181 4047 282 67 Leaders:
513 4053 154 61 Paul
714 4048 355 70 Frederick,
1117 4047 151 72 224;
1314 4039 295 79 Amanda
1654 4036 328 82 Ballinger,
2028 4036 105 82 84;
2182 4032 225 87 Randy
2452 4030 294 88 Langley,
2793 4032 105 87 40.
2946 4029 49 90 A

180 4147 292 67 business
517 4153 273 61 session
835 4165 141 49 was
1026 4146 144 69 held
1218 4150 64 64 to
1327 4143 168 72 elect
1540 4140 109 75 the
1693 4135 313 79 following
2053 4132 277 82 officers:
2380 4129 363 85 Chairman,
2796 4128 196 87 David

183 4246 142 82 Ivey;
376 4251 153 78 Vice
582 4251 373 78 Chairman,
1008 4245 136 84 Ted
1200 4243 270 85 Mercer;
1522 4239 406 90 Secretarys,
1984 4231 444 97 (Permanent)
2484 4228 148 100 Mae
2685 4228 321 100 Seymour

180 4353 109 60 and
352 4353 171 63 Nora
583 4353 265 69 Parker;
912 4342 346 82 Chaplain,
1324 4341 64 84 E.
1455 4339 70 85 C.
1593 4338 265 87 Bowen;
1918 4330 354 94 Arranging
2335 4327 412 97 Committee,
2811 4327 183 97 Virgil

180 4447 247 85 Phillips,
480 4452 270 81 Randall
795 4447 204 85 Smith
1045 4444 130 88 and
1221 4441 214 91 Linton
1482 4437 333 96 Ballinger;
1860 4429 327 103 Memorial
2230 4428 403 105 Committee,
2682 4426 322 106 Charlene

178 4548 283 79 Wallace,
517 4554 214 75 Joyce
786 4546 273 82 Walton,
1117 4542 129 87 and
1302 4537 253 91 Connie
1611 4533 313 96 Karduck;
1984 4528 378 100 Resolution
2418 4527 409 102 Committee,
2880 4527 123 102 Jim

178 4648 228 69 Carnes
439 4654 129 63 and
606 4651 172 66 Buell
816 4647 207 70 Cobb;
1062 4644 276 73 Finance
1374 4635 396 82 Committee,
1810 4632 178 85 Hugh
2028 4630 304 87 McGraw,
2374 4627 96 90 Bill
2508 4629 232 88 Green,
2779 4626 124 91 and

1510 4737 111 60 141
