3150 4950
286 169 208 61 Elmer
529 168 258 63 Conwill
825 168 208 63 called
1071 166 111 64 the
1218 166 181 64 class
1435 163 297 78 together
1767 159 253 82 leading
2059 171 213 70 songs
2307 169 85 72 on
2430 168 216 73 pages
2686 151 126 90 129
2853 145 124 96 and

126 273 142 61 179.
363 267 315 67 Leaders:
730 265 229 69 Pernie
1012 265 268 75 Pelfrey,
1338 262 190 78 145b,
1579 261 196 79 275b;
1828 256 202 84 Roxie
2079 255 273 85 Keeton,
2401 252 151 88 349,
2604 252 108 88 45;
2761 246 222 94 Arthur

124 370 207 72 Ward,
388 369 153 73 294,
598 369 111 73 88;
768 366 58 76 L.
888 366 66 76 E.
1015 363 300 79 Hannah,
1374 366 151 76 500,
1582 361 154 81 389;
1797 355 249 87 Parnell
2104 354 210 88 Berry,
2371 352 153 90 306,
2583 349 153 93 313;
2790 343 190 99 Josie

129 472 198 78 Hyde,
387 471 147 79 189,
589 469 154 81 220,
804 468 147 82 198,
1011 466 150 84 101;
1216 462 304 88 Harrison
1573 457 211 93 Creel,
1839 457 153 93 317,
2046 456 153 94 512;
2256 450 201 100 Doyal
2509 447 325 103 Williams,
2886 445 88 105 29

132 576 52 61 in
228 585 285 61 memory
555 567 67 79 of
655 567 175 79 John
876 565 81 81 M.
1003 564 225 82 Cagle.
1273 562 130 84 Tim
1447 559 298 87 Gilmore,
1794 556 100 90 led
1938 552 283 94 "Conwill
2265 550 159 96 "and
2467 549 252 97 "Sweet
2761 544 214 102 Hope"

133 690 204 63 songs
370 670 135 82 that
540 669 84 84 he
661 667 124 85 has
823 664 277 88 recently
1134 660 385 93 composed.

138 769 388 66 DISMISSED
552 768 153 67 FOR
726 765 265 70 LUNCH.

291 871 133 61 The
463 870 333 63 afternoon
834 864 268 69 session
1141 864 64 69 of
1239 861 121 72 this
1398 859 247 78 singing
1683 873 138 64 was
1858 853 202 84 called
2098 858 64 79 to
2200 850 186 87 order
2421 849 79 88 by
2535 846 127 91 Tim
2703 844 274 93 Gilmore

142 975 121 61 and
319 970 196 66 Hollis
568 967 211 79 Cagle
835 964 259 82 leading
1149 978 216 69 songs
1417 976 84 70 on
1555 973 219 73 pages
1830 958 129 88 110
2013 952 129 94 and
2193 952 153 94 373.
2406 949 313 97 Leaders;
2775 942 204 105 David

141 1071 370 70 Wakefield,
564 1071 153 70 428,
771 1068 157 73 328;
979 1063 222 78 Travis
1254 1062 273 79 Keeton,
1581 1060 151 81 235,
1785 1057 157 84 290;
1995 1051 264 90 Latrivia
2310 1048 247 93 Bailey"
2610 1047 123 94 Not
2784 1042 198 99 Made

144 1173 156 61 With
366 1168 288 70 Hands",
720 1168 160 70 323;
949 1164 247 75 Robert
1258 1159 330 79 Aldridge,
1660 1158 151 81 192,
1878 1156 159 82 436;
2104 1150 202 88 Hollis
2371 1147 213 91 Cagle
2650 1144 130 94 and
2847 1141 133 97 Tim

147 1273 297 66 Gilmore,
502 1269 156 70 312;
718 1264 153 75 Lola
928 1263 372 76 Roberson,
1366 1260 145 79 137,
1578 1258 148 81 187;
1788 1254 181 85 Larry
2028 1251 339 88 Ballinger,
2425 1248 153 91 402,
2638 1245 154 94 403;
2850 1242 135 97 Ora

150 1372 120 60 Lee
315 1366 256 70 Fannin,
616 1366 150 70 376,
813 1365 106 72 83;
966 1360 138 76 Bob
1144 1359 126 78 and
1314 1360 132 76 Ora
1488 1357 127 79 Lee
1660 1353 256 84 Fannin,
1962 1353 151 84 288;
2160 1348 316 88 Margaret
2517 1344 268 93 Keeton,
2832 1342 148 94 455,

148 1473 102 69 91;
303 1468 145 73 Ada
498 1464 300 78 Godsey,
859 1464 150 78 131,
1065 1462 154 79 408,
1275 1459 156 82 465;
1488 1455 139 87 Earl
1684 1452 336 90 Ballinger,
2077 1450 153 91 331,
2286 1447 154 94 288,
2497 1446 154 96 560;
2709 1440 276 102 Howard

150 1569 295 73 Godsey,
511 1567 157 75 375,
735 1561 204 81 378b,
1005 1563 108 79 34,
1186 1560 153 82 147;
1402 1555 160 87 Tom
1627 1554 270 88 Harper,
1965 1551 154 91 530,
2187 1548 154 94 498,
2409 1546 154 96 440,
2631 1543 156 99 470.
2853 1539 132 103 Tim

153 1668 271 60 Gilmore
477 1665 100 63 led
628 1663 109 64 the
787 1659 253 76 closing
1090 1672 172 63 song
1314 1671 81 64 on
1447 1669 175 66 page
1671 1654 150 81 290.
1878 1648 301 87 Harrison
2230 1644 189 91 Creel
2467 1638 360 97 dismissed
2878 1636 108 99 the

153 1767 178 60 class
382 1762 142 64 with
582 1774 252 64 prayer.

157 1863 363 69 Chairman,
577 1860 132 72 Tim
768 1857 309 75 Gilmore;
1131 1854 157 78 Vice
1345 1849 370 82 Chairman,
1777 1846 211 85 Elmer
2038 1840 286 91 Conwill;
2380 1839 370 93 Secretary,
2806 1831 192 100 Josie

159 1962 192 76 Hyde.

1066 2053 316 82 STATE
1416 2052 211 84 LINE
1659 2046 424 90 CHURCH

1116 2179 313 60 Cleburne
1455 2176 259 73 County,
1741 2172 309 78 Alabama

1362 2277 150 76 April
1539 2278 58 75 8,
1632 2275 163 78 1989

303 2389 133 61 The
471 2386 234 64 annual
741 2382 246 69 Sacred
1026 2380 168 76 Harp
1227 2377 256 79 Singing
1522 2380 61 76 at
1618 2374 178 82 State
1833 2370 142 87 Line
2011 2367 247 90 Church
2296 2365 54 91 in
2388 2362 315 94 Cleburne
2737 2359 264 97 County,

166 2490 309 60 Alabama
517 2502 142 48 was
709 2484 144 66 held
904 2497 82 52 on
1036 2478 340 73 Saturday,
1425 2473 229 78 before
1699 2472 108 79 the
1854 2467 253 84 second
2154 2466 271 85 Sunday
2472 2461 55 90 in
2574 2458 180 93 April.
2808 2458 66 93 B.
2925 2457 78 94 M.

166 2589 192 61 Smith
399 2587 207 63 called
643 2586 109 64 the
793 2583 180 67 class
1012 2580 298 76 together
1347 2574 253 82 leading
1638 2586 169 70 song
1848 2584 84 72 on
1971 2581 174 75 page
2184 2566 102 90 60.
2332 2562 216 94 Felton
2589 2559 271 97 Denney
2901 2556 99 100 led

168 2689 108 60 the
343 2685 298 76 morning
712 2695 258 66 prayer.
1041 2677 141 84 The
1248 2674 192 87 class
1506 2667 366 94 organized
1938 2665 148 96 with
2152 2664 114 97 the
2332 2659 330 102 following
2731 2656 270 105 officers

169 2785 271 61 elected:
493 2782 367 67 Chairman,
915 2779 64 70 B.
1032 2778 78 72 M.
1162 2773 223 76 Smith;
1432 2770 154 79 Vice
1635 2766 364 84 Chairman,
2046 2761 132 88 Jeff
2223 2757 366 93 Sheppard;
2638 2755 361 94 Secretary,

174 2887 166 72 Mary
390 2884 61 75 F.
502 2881 226 78 Smith;
778 2875 349 84 Arranging
1180 2871 405 88 Committee,
1639 2863 240 96 Margie
1930 2860 219 99 Smith.
2205 2859 64 100 B.
2322 2857 79 102 M.
2452 2854 199 105 Smith
2701 2853 150 106 then
2904 2850 99 109 led

172 3000 162 60 song
384 2998 82 61 on
516 2995 174 64 page
741 2979 147 81 123.
940 2974 286 85 Leaders
1273 2983 195 76 were:
1512 2965 135 94 Jeff
1689 2959 364 100 Sheppard,
2103 2959 105 100 61,
2260 2958 148 102 145;
2458 2953 174 106 Mary
2677 2950 63 109 F.
2790 2947 220 112 Smith,

172 3085 100 69 63,
325 3082 157 72 37b;
538 3081 159 73 Pam
751 3076 210 78 Nunn,
1015 3075 109 79 30,
1179 3070 157 84 528;
1384 3066 172 88 Judy
1609 3061 210 93 Hauff,
1879 3060 145 94 171,
2079 3058 156 96 224;
2286 3052 135 102 Ted
2469 3051 330 103 Johnson,
2853 3046 150 108 39b,

174 3184 150 69 542;
382 3181 355 72 Lawrence
796 3169 438 84 Underwood,
1293 3168 154 85 217,
1513 3163 148 90 189;
1720 3157 243 96 Marcia
2014 3154 331 99 Johnson,
2404 3151 151 102 384,
2616 3150 154 103 480;
2829 3144 181 109 Viola

177 3280 207 70 Hicks,
435 3280 151 70 235,
639 3277 154 73 490;
844 3271 247 79 Steven
1141 3265 300 85 O'Leary,
1492 3259 196 91 385b,
1744 3259 147 91 148;
1944 3252 277 99 Melanie
2271 3247 207 103 Hauff,
2530 3249 150 102 200,
2733 3246 148 105 277.

178 3378 294 61 RECESS.

400 3478 67 60 B.
525 3477 81 61 M.
661 3472 204 66 Smith
919 3466 213 72 called
1182 3465 111 73 the
1344 3462 183 76 class
1575 3456 304 82 together
1929 3450 255 88 leading
2235 3463 174 75 song
2458 3460 85 78 on
2595 3459 178 79 page
2829 3442 189 96 176b.

181 3579 304 60 Leaders:
535 3574 136 64 Ted
726 3573 268 67 Mercer,
1054 3568 145 72 138,
1249 3564 156 76 222;
1458 3558 277 82 Carlene
1785 3552 235 88 Griffin,
2070 3550 154 90 271;
2277 3546 177 94 Cecil
2503 3541 307 99 Gilliland,
2862 3543 153 97 213,

180 3679 151 67 314;
390 3676 225 70 Felton
676 3673 300 73 Denney,
1036 3667 156 79 276,
1255 3664 151 82 120;
1462 3658 126 88 Jan
1650 3652 267 94 Ketelle,
1978 3651 108 96 31,
2146 3646 199 100 565b;
2403 3643 181 103 Jerry
2641 3640 373 106 Sheppard,

186 3778 142 69 186,
394 3778 157 69 530;
619 3771 283 76 Delores
969 3765 321 82 McGraw,
1356 3760 157 87 408;
1576 3753 276 94 Shelton
1914 3747 423 100 Williamson,
2403 3742 154 105 218,
2622 3741 156 106 418;
2845 3738 174 109 Mary

184 3876 175 60 Rose
406 3874 300 73 O'Leary,
762 3870 147 78 113,
964 3865 145 82 181.

183 3973 393 63 DISMISSED
600 3970 154 66 FOR
775 3963 267 73 LUNCH.

337 4075 133 60 The
507 4072 337 63 afternoon
880 4062 270 73 session
1185 4072 141 63 was
1360 4051 207 84 called
1603 4056 63 79 to
1704 4047 184 88 order
1923 4045 79 90 by
2034 4041 132 94 Jeff
2199 4036 337 99 Sheppard
2577 4035 250 100 leading
2863 4050 168 85 song

183 4191 78 43 on
301 4189 174 63 page
525 4173 145 79 176.
717 4164 310 88 Leaders:
1072 4159 184 93 Dean
1299 4155 244 97 Slaton,
1587 4149 148 103 436,
1785 4146 145 106 192;
1974 4140 319 112 Charlene
2334 4135 301 117 Wallace,
2679 4135 148 117 293,
2872 4134 150 118 439;

184 4273 264 61 Richard
495 4270 297 73 DeLong,
835 4264 151 79 202,
1030 4257 196 87 359b;
1272 4251 262 93 Shelbie
1576 4242 360 102 Sheppard,
1986 4242 142 102 163,
2175 4239 150 105 216;
2370 4234 63 109 E.
2479 4234 70 109 C.
2598 4233 253 111 Bowen,
2895 4233 130 111 348

184 4374 51 61 in
285 4386 285 61 memory
619 4368 64 79 of
730 4365 97 82 his
873 4362 165 85 wife.
1084 4359 51 88 A
1183 4350 328 97 memorial
1555 4362 139 85 was
1743 4341 145 106 held
1933 4341 96 106 for
2068 4338 111 109 the
2227 4335 187 112 loved
2463 4348 168 99 ones
2674 4332 144 115 who
2866 4330 168 117 have

181 4473 252 79 passed
481 4486 84 66 on
610 4468 187 84 since
847 4464 124 88 last
1012 4471 162 81 year
1213 4453 130 99 and
1387 4450 99 102 for
1524 4446 78 106 all
1647 4444 195 108 those
1884 4440 145 112 who
2074 4437 169 115 used
2287 4441 64 111 to
2394 4449 195 103 come
2632 4431 129 121 and
2806 4429 220 123 attend

180 4576 183 60 State
408 4575 151 61 Line
606 4564 277 72 Church.
934 4555 286 81 Shelblie
1266 4548 345 88 Sheppard
1659 4543 99 93 led
1803 4555 211 81 songs
2061 4554 82 82 on
2188 4551 216 85 pages
2446 4534 130 102 203
2625 4533 124 103 and
2796 4533 130 103 358
2973 4530 54 106 in

183 4690 282 58 memory
508 4671 64 78 of
616 4666 235 82 Bertha
897 4660 265 88 Kilgore,
1206 4656 57 93 J.
1308 4653 90 96 W.
1447 4647 280 102 Bentley,
1777 4642 126 106 Mrs
1945 4635 420 114 Cheatwood,
2413 4633 124 115 and
2581 4633 93 115 for
2713 4630 108 118 the

1572 4747 70 60 41
