3160 4956
154 160 57 63 At
241 154 115 69 this
394 156 151 67 time
582 175 103 48 we
724 181 216 61 pause
978 178 66 64 to
1081 175 144 78 give
1263 180 232 73 thanks
1534 189 61 64 to
1635 183 144 70 God
1851 184 93 69 for
1980 184 109 69 His
2130 184 186 70 Love,
2359 186 124 69 and
2524 187 346 75 permitting
2914 202 79 60 us

156 267 51 54 to
249 256 163 64 have
462 256 111 64 the
625 270 411 76 opportunity
1084 279 66 67 to
1203 276 171 70 have
1422 279 228 67 known
1702 280 129 66 and
1884 280 187 66 loved
2121 280 109 66 the
2280 280 337 78 following,
2668 283 145 75 who
2868 283 123 75 has

159 354 186 84 paved
399 354 111 84 the
561 372 145 66 way
760 363 97 75 for
912 382 79 55 us
1047 369 55 69 in
1158 387 118 51 our
1323 375 319 76 singings.
1699 376 186 75 Their
1938 391 288 60 memory
2275 376 112 75 will
2445 378 118 73 live
2617 393 84 58 on
2758 379 55 72 in
2869 394 117 57 our

160 459 211 60 hearts.
421 451 138 67 The
609 456 324 67 Alabama
979 466 372 63 deceased:
1402 471 204 60 Annie
1657 471 261 78 Harper,
1969 472 160 76 Arlie
2181 472 216 76 Moon,
2452 474 237 75 Bessie
2740 475 240 73 Crider;

162 553 229 66 Monnie
439 552 237 75 Oliver;
726 558 268 82 Johnny
1045 565 375 75 Galbreath,
1473 568 207 72 Addie
1731 570 319 72 Sanders;
2101 571 274 76 Virginia
2427 571 337 78 Ballinger;
2817 573 172 76 Gary

160 654 201 78 Taylor
418 651 129 81 and
613 654 181 79 Sally
856 661 355 72 Chandler.
1281 666 421 78 Mississippi,
1770 667 184 76 Ruby
2016 669 288 75 Conwill;
2368 669 315 78 Gerogia:
2749 670 240 76 Bertha

165 754 216 78 Kilgore
430 750 129 82 and
612 753 189 81 Hugh
858 759 285 81 McKaig.
1200 762 286 78 Leaders
1537 765 94 75 for
1680 766 352 73 memorial:
2082 766 187 76 Terry
2317 768 322 75 Wootten,
2697 768 100 75 led
2854 771 124 72 122

163 856 73 60 for
267 852 300 64 Alabama
603 901 12 15 .
658 853 270 63 Richard
969 858 292 81 DeLong,
1305 861 97 78 led
1471 864 130 75 295
1671 864 91 75 for
1797 864 105 75 the
1939 865 181 73 other
2152 865 361 73 deceased.
2557 865 160 73 Ruth
2758 867 219 72 Brown

166 954 79 63 led
282 955 76 61 45
397 951 91 66 for
525 952 108 64 the
672 952 138 64 sick
849 957 129 60 and
1020 958 175 60 shut-
1237 958 114 61 ins.

168 1051 358 66 DISMISSED
550 1051 151 66 FOR
724 1053 265 64 LUNCH.

324 1152 129 61 The
498 1152 334 63 afternoon
876 1155 271 63 session
1194 1159 306 60 resumed
1543 1159 139 61 with
1729 1161 198 60 David
1975 1161 141 78 Ivey
2161 1162 252 79 leading
2460 1179 169 63 song
2674 1179 84 63 on
2803 1179 174 63 page

168 1255 123 60 528.
339 1252 301 63 Leaders:
693 1254 196 78 Philip
939 1255 330 79 Ballinger,
1320 1260 154 75 340;
1525 1260 256 75 Brenda
1827 1261 252 73 Chafin,
2128 1264 153 70 434;
2334 1261 102 73 Bill
2485 1263 240 72 Green,
2776 1263 198 72 285b;

169 1351 225 63 Connie
456 1351 321 72 Karduck,
846 1354 108 70 73;
1024 1354 280 70 Preston
1372 1357 246 72 Crider,
1684 1360 204 70 3324;
1957 1359 327 72 Roxanna
2350 1360 210 76 Duffy,
2626 1362 159 75 358;
2848 1362 126 75 Jim

169 1452 240 70 Carnes,
457 1450 151 72 377;
660 1452 277 70 Melanie
987 1453 208 72 Hauff,
1249 1458 148 69 196;
1447 1456 183 78 Hugh
1684 1458 313 76 McGraw;
2044 1461 154 73 365;
2242 1459 211 76 Joyce
2500 1459 270 76 Walton,
2826 1462 148 73 146;

171 1549 141 76 Kelly
354 1548 219 78 Beard,
618 1552 153 73 250;
814 1551 228 75 Ozella
1086 1554 247 72 Chafin,
1378 1557 151 70 225;
1614 1555 36 72 ?
1695 1557 126 70 and
1867 1557 313 70 Melessia
2227 1558 324 69 Mostellor
2596 1561 145 69 159;
2788 1560 184 70 Noah

172 1648 157 75 Lacy,
388 1650 151 73 327;
604 1648 198 75 Leola
861 1650 228 73 Smith,
1152 1654 157 70 406;
1374 1654 132 70 Kim
1567 1654 231 78 Cagle,
1861 1656 156 76 373;
2080 1657 285 75 Geneva
2427 1657 327 75 Prichard,
2818 1660 154 72 532;

172 1746 165 60 Hazel
381 1747 217 76 Cagle,
645 1750 147 73 446.
838 1749 49 75 A
928 1749 313 75 business
1285 1752 265 72 session
1593 1768 139 55 was
1777 1753 142 70 held
1966 1761 61 63 at
2070 1755 120 69 this
2232 1755 147 69 time
2422 1761 63 63 to
2529 1756 157 67 hear
2730 1762 244 70 reports

171 1845 51 60 of
258 1845 415 61 committees.
726 1846 378 61 Resolution
1155 1849 387 60 Committee
1593 1857 228 70 report:
1872 1852 250 75 Sacred
2173 1852 171 78 Harp
2388 1852 262 78 singers
2700 1869 132 61 are,
2881 1854 96 76 for

169 1941 88 60 the
300 1948 160 54 most
505 1950 154 72 part,
711 1960 166 61 easy
925 1951 63 70 to
1036 1945 253 76 please.
1344 1948 160 73 Give
1549 1948 175 73 them
1773 1966 42 55 a
1863 1950 141 72 little
2053 1966 175 55 room
2278 1951 433 70 somewhere,
2766 1968 40 54 a
2851 1951 126 70 few

172 2040 126 60 hard
336 2040 307 72 benches,
687 2043 126 69 and
855 2059 40 52 a
934 2043 126 69 bite
1098 2050 64 61 to
1200 2052 126 64 eat,
1372 2046 124 70 and
1537 2046 148 76 they
1723 2062 123 60 can
1888 2047 139 78 sing
2073 2049 72 76 all
2185 2049 126 76 day
2352 2049 163 76 long.
2563 2049 114 76 But
2715 2050 186 75 when
2943 2065 40 60 a

169 2137 202 78 facility
429 2140 165 75 such
657 2157 79 58 as
801 2142 220 73 Burritt
1086 2143 304 72 Museum
1453 2161 220 61 opens
1737 2146 37 76 it
1833 2146 204 76 doors
2097 2148 96 75 for
2254 2163 99 60 us,
2418 2163 84 60 on
2566 2164 40 58 a
2667 2148 312 75 beautiful

172 2238 286 61 mountain
505 2245 126 72 top,
682 2241 127 76 and
856 2257 40 60 a
940 2244 387 76 community
1374 2244 165 76 such
1587 2260 79 60 as
1714 2245 346 75 Huntsville
2106 2247 303 76 provides
2452 2263 81 60 so
2578 2247 394 78 generously

169 2335 75 61 for
279 2353 105 45 our
423 2340 228 72 needs,
696 2356 99 55 we
838 2358 111 54 are
994 2341 328 70 reminded
1368 2344 66 67 of
1471 2344 109 67 the
1623 2350 181 72 great
1848 2344 202 78 loving
2094 2362 153 60 care
2290 2346 126 76 and
2464 2346 175 76 labor
2682 2346 288 76 involved

172 2434 43 61 in
262 2437 376 79 conducting
697 2455 39 61 a
792 2442 381 75 successful
1231 2443 415 73 convention.
1704 2443 91 73 To
1854 2443 75 73 all
1983 2443 145 73 who
2188 2445 126 72 had
2374 2460 37 57 a
2466 2451 141 72 part
2662 2446 55 76 in
2773 2446 198 76 these

169 2535 208 73 efforts,
426 2544 61 64 to
532 2538 75 70 all
655 2539 258 79 singers
961 2541 126 78 and
1137 2541 300 78 listeners
1480 2542 156 76 from
1684 2544 94 75 far
1822 2542 127 76 and
2001 2560 172 58 near,
2223 2544 108 75 the
2380 2544 328 75 members
2757 2545 64 73 of
2863 2545 108 73 the

169 2635 124 61 86th
330 2637 256 63 session
630 2640 64 60 of
727 2640 135 61 The
906 2640 222 61 United
1171 2641 247 61 Sacred
1462 2643 169 76 Harp
1671 2641 262 78 Musical
1977 2643 396 76 Convention
2418 2643 237 78 hereby
2694 2661 277 60 express

169 2733 133 61 their
343 2736 280 79 deepest
673 2739 340 78 gratidude
1065 2740 127 76 and
1246 2742 327 75 effection.
1633 2742 439 76 Respectfully
2124 2742 370 76 submitted,
2545 2742 123 76 Jim
2722 2743 256 75 Carnes

169 2833 103 58 and
319 2835 163 60 Buell
534 2838 205 60 Cobb.
789 2838 138 60 The
976 2839 274 76 locating
1300 2839 370 76 committee
1722 2841 295 75 reported
2065 2841 109 75 the
2226 2842 171 73 1990
2445 2841 270 75 session
2761 2842 207 73 would

171 2937 103 52 met
339 2932 49 60 in
427 2934 304 78 Chicago,
778 2937 235 75 Illinois.
1054 2937 133 75 The
1230 2938 279 73 Finance
1549 2943 201 70 report
1785 2953 139 60 was
1962 2937 184 76 given
2188 2937 78 76 by
2308 2937 145 76 Mae
2493 2937 331 76 Seymour.

169 3025 262 64 RECESS.

327 3127 126 60 The
495 3132 387 58 convention
924 3147 142 43 was
1111 3132 456 60 reassembled
1609 3132 139 60 with
1798 3132 204 72 Henry
2047 3130 280 73 Guthery
2374 3130 252 76 leading
2671 3145 168 61 song
2886 3147 81 60 on

166 3234 148 64 page
375 3228 148 70 398.
595 3228 318 70 Leaders:
979 3229 175 75 Sybil
1221 3229 274 75 Adams,
1563 3231 156 73 430;
1782 3228 192 76 Terry
2038 3228 325 76 Wootten,
2431 3228 154 76 441;
2647 3226 321 78 Jeanette

168 3316 309 79 Mostellor,
529 3328 153 69 203;
736 3327 276 70 Richard
1068 3327 300 78 DeLong,
1422 3328 150 76 522;
1626 3327 169 78 Gary
1848 3324 379 81 Sides,380;
2283 3324 276 81 Elenora
2608 3322 153 82 Key,
2820 3328 147 76 111;

166 3415 115 64 Carl
313 3421 250 75 Woods,
603 3427 148 69 313.
793 3426 196 70 David
1030 3426 138 75 Ivey
1204 3426 127 75 and
1366 3424 132 76 Ted
1537 3424 243 76 Mercer
1813 3424 96 76 led
1948 3439 165 61 song
2151 3439 81 61 on
2268 3438 172 63 page
2476 3424 100 76 62,
2616 3423 127 78 and
2779 3424 189 76 those

165 3516 120 61 who
334 3522 241 63 wished
634 3525 154 60 took
841 3525 111 60 the
1011 3525 247 76 parting
1318 3523 195 78 hand.
1572 3522 136 79 The
1761 3520 394 81 convention
2211 3535 142 66 was
2409 3520 361 81 dismissed
2826 3522 141 79 with

165 3628 195 66 prayer
399 3621 76 78 by
517 3621 127 81 Jap
688 3624 268 78 Walton.

165 3712 345 82 Chairman,
586 3723 208 72 David
873 3723 171 76 Ivey;
1116 3723 160 76 Vice
1348 3720 379 79 Chairman,
1804 3717 135 82 Ted
2014 3718 280 81 Mercer;
2367 3717 381 82 Secretary,
2824 3720 151 79 Mae

163 3813 313 81 Seymour.

925 3925 504 84 MOUNTIAN
1459 3924 282 85 HOME
1767 3921 408 88 CHURCH

1080 4053 166 61 Near
1272 4051 160 63 Bear
1456 4050 220 69 Creek,
1707 4048 321 70 Alabama.

1204 4150 379 78 September
1612 4152 94 76 10,
1743 4150 162 78 1989

274 4251 124 64 The
433 4257 234 60 annual
702 4254 249 63 Sacred
988 4252 168 76 Harp
1191 4249 256 79 Singing
1482 4261 138 67 was
1651 4245 202 84 called
1890 4249 61 79 to
1986 4245 183 84 order
2199 4245 79 84 by
2307 4245 168 84 John
2512 4245 177 84 Hyde
2725 4246 246 82 leading

156 4359 175 70 songs
367 4371 79 58 on
486 4371 216 64 pages
739 4354 132 81 37b
907 4351 129 84 and
1074 4350 147 85 39b.
1267 4347 133 88 Earl
1441 4344 306 91 Ballinger
1785 4342 96 93 led
1920 4342 106 93 the
2065 4342 277 93 morning
2382 4359 238 76 prayer.

154 4441 108 67 The
309 4453 180 61 class
543 4450 358 81 organized
1003 4449 81 82 by
1135 4446 280 85 electing
1470 4443 108 88 the
1629 4440 315 91 following
1998 4440 282 91 officers:
2334 4440 367 91 Chairman,
2760 4444 208 87 Elmer

154 4540 244 85 Conwill;
450 4554 157 72 Vice
658 4549 372 76 Chairman,
1084 4545 259 81 Johnny
1398 4539 301 87 Humber;
1752 4539 364 87 Secretary,
2164 4537 189 88 Josie
2406 4539 555 87 Hyde;Arranging

153 4641 364 85 Committee,
555 4651 172 75 John
769 4647 201 79 Hyde.
1014 4644 204 82 Elmer
1251 4639 252 87 Conwill
1539 4639 150 87 then
1729 4636 97 90 led
1864 4651 165 75 song
2067 4653 81 73 on
2185 4653 172 73 page
2391 4639 105 87 44.
2538 4639 298 87 Leaders:

1495 4740 120 58 143
