3187 4974
196 171 210 78 Clark,
480 181 148 73 182,
696 186 156 73 436;
919 190 258 69 Horace
1245 195 274 81 Delong,
1591 198 358 78 111b,384;
2020 195 207 81 Dollie
2293 190 322 85 Hudgins,
2685 186 109 90 82,
2866 187 133 88 123;

195 268 256 67 William
505 277 334 79 Headrick,
895 288 148 72 426,
1096 292 148 67 328.

198 367 295 69 RECESS.

418 474 201 64 Helen
675 480 243 78 Bryson
970 484 270 79 brought
1287 487 109 76 the
1447 489 178 75 class
1675 493 64 70 to
1791 487 184 76 order
2025 486 256 78 leading
2335 498 169 66 song
2559 498 82 66 on
2694 498 168 66 page
2910 490 85 73 64.

196 565 306 69 Leaders:
556 576 172 78 Faye
780 580 217 73 Pettis,
1048 586 148 69 455,
1249 586 151 70 236;
1455 586 187 70 Berta
1690 586 289 70 Hanson,
2031 588 151 69 290,
2238 585 153 72 490;
2440 579 216 78 Verna
2701 582 292 82 Williams,

193 667 150 73 37b,
412 673 154 73 235;
634 676 145 70 Lois
844 681 319 73 Stanson,
1230 684 106 70 99,
1401 687 154 69 298;
1618 685 133 70 Jeff
1815 682 375 79 Sheppard,
2257 682 153 79 439,
2484 682 126 79 149
2673 681 93 81 for
2827 685 159 82 Ruby

193 765 265 76 Gibson;
499 771 318 70 Charlene
852 777 300 73 Wallace,
1189 781 148 69 276,
1377 783 147 67 479.
1564 783 72 67 At
1671 783 123 67 this
1828 783 144 67 time
2013 780 289 70 Kenneth
2346 780 267 78 DeLong
2652 784 333 73 conducted

192 864 106 61 the
343 871 322 61 memorial
715 874 243 72 lesson,
1009 877 249 76 leading
1305 894 165 61 song
1518 895 79 60 on
1642 895 172 63 page
1858 880 174 78 569b
2071 879 94 79 for
2209 879 277 79 Geneva
2532 879 208 79 Davis,
2788 883 193 75 Daniel

193 961 285 75 Hudson,
519 969 235 67 Elavee
792 972 210 70 Mann,
1041 973 244 69 Cordell
1320 975 201 67 Wade
1558 975 124 67 and
1722 976 231 66 Homer
1986 976 351 75 Campbell.
2373 976 204 75 Jesse
2613 979 258 72 Roberts
2904 985 84 66 led

192 1059 126 63 387
370 1062 96 60 for
514 1065 198 63 these
766 1068 303 61 shut-ins;
1123 1069 177 61 Allen
1356 1071 312 70 Lambert,
1722 1072 169 69 Vera
1941 1072 349 72 Gresham,
2349 1072 205 72 Elmer
2605 1078 123 66 and
2779 1080 201 66 Velma

187 1155 327 76 Johnson,
571 1162 162 78 Hoyt
784 1165 126 75 and
967 1167 174 73 Mary
1194 1167 126 73 Lou
1372 1168 226 76 Cagle,
1656 1168 150 76 Mae
1858 1168 297 78 DeLong,
2214 1171 178 75 Betty
2440 1171 322 76 Womack,
2817 1179 165 69 Elder

190 1252 238 79 Shirley
477 1257 210 78 Kelley
733 1261 124 73 and
898 1263 184 72 Josie
1128 1263 126 72 Bell
1297 1264 217 76 Avery.
1563 1264 267 76 Richard
1878 1266 268 79 DeLong
2193 1267 97 78 led
2335 1285 163 63 song
2542 1288 79 60 on
2664 1290 165 63 page
2865 1281 111 72 385

189 1350 93 60 for
330 1353 240 61 Elavee
619 1357 213 60 Mann.
882 1357 135 60 The
1066 1360 324 60 memorial
1440 1362 223 60 lesson
1711 1378 138 45 was
1896 1365 228 61 closed
2170 1366 138 61 with
2358 1384 223 60 prayer
2623 1372 78 75 by
2745 1374 228 73 William

192 1447 339 64 Headrick.

190 1545 396 64 DISMISSED
609 1551 153 61 FOR
783 1551 262 63 LUNCH.

382 1645 136 63 The
567 1648 333 63 afternoon
949 1651 265 61 session
1258 1668 139 46 was
1443 1654 268 79 brought
1755 1659 291 78 together
2091 1660 75 76 by
2217 1662 196 75 Helen
2461 1665 235 78 Bryson
2743 1669 225 81 leading

186 1758 214 63 songs
453 1761 82 60 on
591 1762 216 63 pages
862 1750 145 75 137,
1068 1752 126 73 136
1246 1752 126 73 and
1425 1755 105 70 45.
1587 1755 309 70 Leaders:
1951 1759 291 66 Kenneth
2295 1762 292 81 DeLong,
2638 1767 145 76 408,
2835 1771 132 72 530;

187 1839 268 63 Shelbie
511 1843 370 79 Sheppard,
937 1849 105 73 42,
1099 1851 151 72 528;
1308 1851 265 78 Stanley
1629 1854 219 75 Smith,
1905 1858 241 70 "Clark"
2203 1863 64 73 (a
2320 1878 139 58 new
2512 1879 162 64 song
2728 1866 78 78 he
2856 1867 109 76 had

186 1942 429 75 composed),
685 1944 154 73 365;
910 1944 252 73 Bonnie
1228 1948 304 75 Flowers,
1599 1954 153 69 362.
1818 1956 136 67 The
2017 1960 394 63 convention
2476 1963 342 61 continued
2877 1968 94 60 the

187 2037 310 63 business
537 2041 267 61 session
844 2044 198 61 which
1080 2061 139 46 was
1260 2049 102 60 left
1401 2067 166 63 open
1611 2068 79 61 on
1732 2053 327 79 Saturday.
2104 2058 331 75 Chairman
2475 2062 268 70 thanked
2784 2065 181 78 Camp

186 2136 214 63 Creek
451 2139 258 63 Church
763 2142 96 61 for
906 2143 109 61 the
1068 2154 288 70 support,
1414 2149 204 75 lunch,
1675 2158 121 66 etc.
1854 2155 127 69 and
2032 2155 234 69 thanks
2316 2164 63 60 to
2430 2160 75 64 all
2556 2161 241 63 visitors
2844 2164 124 60 who

187 2236 327 61 attended.
564 2239 337 63 Ebenezer
942 2244 270 72 Church,
1261 2245 384 79 Dunwoody,
1692 2251 277 79 Georgia
2011 2256 201 75 asked
2256 2256 91 75 for
2388 2259 120 72 and
2550 2275 133 55 was
2724 2263 235 73 granted

183 2332 126 61 this
364 2337 397 61 convention
817 2340 97 60 for
973 2343 189 70 1990,
1221 2350 66 63 to
1341 2346 84 67 be
1483 2347 145 66 held
1687 2365 81 48 on
1825 2350 108 63 the
1986 2352 130 61 fifth
2173 2355 267 75 Sunday
2494 2358 124 72 and
2676 2358 289 76 Saturday

184 2430 226 63 before
463 2433 55 61 in
570 2434 162 78 July.
832 2437 226 78 Happy
1111 2440 289 78 Birthday
1450 2460 136 58 was
1638 2463 166 61 sung
1855 2454 63 70 to
1969 2449 196 75 Hazel
2217 2452 220 76 Cagle.
2493 2454 198 75 Helen
2740 2455 216 75 Bryson

184 2533 394 58 announced
628 2533 114 61 her
786 2547 442 67 engagement
1275 2545 60 69 to
1384 2542 174 72 Ross
1606 2544 204 78 Craig.
1860 2545 169 76 After
2071 2548 106 73 the
2221 2550 291 78 wedding
2562 2551 51 76 in
2658 2553 148 76 April
2848 2554 108 75 she

180 2629 109 60 will
345 2631 309 78 probably
708 2634 85 75 be
846 2635 250 79 moving
1195 2644 63 70 to
1311 2640 265 75 Seattle,
1632 2641 439 81 Washington.
2127 2647 99 75 On
2280 2649 238 75 orderly
2571 2650 244 73 motion,
2862 2652 93 72 the

181 2727 312 61 business
529 2731 265 60 session
834 2748 138 45 was
1009 2734 241 61 closed.
1296 2737 298 61 Leaders:
1633 2739 153 61 Tom
1825 2740 285 73 Hanson,
2151 2746 100 69 37,
2292 2746 147 69 36b;
2479 2746 178 69 Carol
2695 2748 256 69 Hanson,

186 2827 144 70 155,
387 2827 151 70 222;
597 2827 183 79 Hugh
838 2829 310 78 McGraw,
1206 2836 145 70 567,
1408 2836 148 70 515;
1614 2836 174 76 Revy
1840 2838 408 75 Williamson,
2304 2844 145 70 269,
2505 2845 147 70 430;
2704 2845 249 70 Carlene

180 2923 231 73 Griffin,
459 2926 192 72 448b,
699 2929 150 69 566;
897 2929 267 69 Richard
1212 2932 286 78 DeLong,
1546 2937 145 73 419,
1738 2937 150 73 359;
1936 2938 270 72 Hannah
2251 2941 126 69 and
2421 2943 231 75 Ashley
2694 2943 262 75 Roberts,

178 3024 153 70 480,
405 3025 148 69 119.

180 3121 295 63 RECESS.

318 3222 132 60 The
483 3223 376 61 convention
898 3226 294 60 resumed
1224 3226 135 60 with
1396 3226 264 61 Hannah
1696 3229 121 60 and
1854 3229 231 81 Ashley
2121 3234 268 76 Roberts
2424 3238 240 79 leading
2700 3253 151 64 song
2883 3252 66 66 on

174 3336 174 63 page
399 3321 151 78 358.
609 3321 307 78 Leaders:
966 3322 210 76 Jesse
1230 3324 294 75 Roberts,
1578 3327 148 72 234,
1780 3330 150 69 203,
1986 3333 151 69 512;
2190 3334 186 67 Olein
2430 3334 337 72 Gresham,
2823 3336 126 70 159;

175 3418 199 60 Hazel
435 3418 229 76 Cagle,
726 3421 148 73 543,
934 3423 151 72 291;
1147 3420 118 75 Lyn
1329 3421 202 73 Rann,
1596 3424 144 70 143,
1801 3426 153 72 341;
2013 3429 259 69 Carlton
2329 3433 225 72 Wood,
2616 3436 145 69 313,
2817 3435 132 70 340;

169 3516 171 60 Alice
385 3516 196 70 West,
636 3517 141 70 146,
823 3519 148 69 285.
1020 3517 168 70 After
1227 3519 108 69 the
1377 3531 580 64 announcements,
2008 3526 202 69 Helen
2257 3531 241 75 Bryson
2545 3532 124 73 and
2716 3529 238 76 Richard

172 3613 270 76 DeLong
496 3613 97 76 led
645 3628 168 63 song
861 3628 82 63 on
994 3630 171 61 page
1212 3616 100 75 62.
1363 3615 133 76 The
1543 3621 385 70 convention
1977 3639 138 52 was
2164 3627 225 64 closed
2439 3630 139 61 with
2626 3645 216 64 prayer
2883 3628 64 81 by

166 3712 255 60 William
474 3709 330 63 Headrick.

166 3810 361 70 Chairman,
576 3810 199 70 Helen
822 3810 261 73 Bryson;
1129 3811 148 72 Vice
1320 3811 355 72 Chairman,
1728 3814 265 69 Richard
2041 3820 294 81 DeLong;
2380 3826 355 78 Secretary,
2782 3825 171 79 Hazel

165 3907 214 79 Cagle.

811 4008 852 82 CHATTAHOOCHEE
1693 4014 630 91 CONVENTION

796 4134 279 60 Wilson's
1101 4135 237 78 Chapel
1366 4135 240 78 Church
1633 4170 19 43 -
1681 4138 346 76 Carrollton,
2059 4147 274 81 Georgia

1249 4231 235 78 August
1530 4237 57 72 5,
1615 4237 57 72 6,
1707 4239 163 70 1989

298 4330 130 60 The
463 4329 526 61 Chattahoochee
1023 4329 241 61 Sacred
1299 4330 163 76 Harp
1495 4330 258 76 Musical
1788 4335 391 72 Convention
2212 4351 340 58 convened
2587 4359 63 55 at
2682 4353 267 61 Wilson's

156 4429 253 76 Chapel
471 4426 256 79 Church
789 4441 162 64 near
1008 4426 370 79 Carrollton,
1444 4426 304 81 Georgia,
1813 4449 82 58 on
1956 4435 328 84 Saturday
2346 4449 315 79 morning,
2722 4452 235 79 August

153 4530 265 70 5,1989,
480 4525 127 75 and
664 4524 349 76 continued
1074 4524 54 76 in
1185 4525 268 75 session
1512 4527 270 79 through
1840 4530 291 81 Sunday,
2191 4539 253 79 August
2503 4549 267 69 6,1989.
2827 4549 121 69 The

151 4624 376 64 convention
567 4623 256 78 opened
859 4623 135 78 with
1032 4621 243 81 singing
1314 4624 123 78 and
1476 4641 235 61 prayer.
1753 4627 355 76 Chairman,
2151 4635 267 69 Richard
2458 4642 271 85 DeLong

1497 4723 117 58 114
