3150 4950
525 147 150 79 MR
697 150 204 79 AND
928 151 210 82 MRS
1167 153 357 82 HOMER
1551 156 541 81 MURPHREE
2121 154 505 82 MEMORIAL

1246 283 151 60 Pine
1425 283 207 61 Grove
1659 283 243 61 Church

1261 382 306 76 February
1599 385 96 73 12,
1729 385 162 73 1989

321 471 136 61 The
498 474 322 63 sixteenth
862 478 268 60 session
1174 480 64 60 of
1278 481 106 60 the
1428 481 321 60 Memorial
1791 481 246 60 Sacred
2082 481 168 76 Harp
2289 480 261 78 Singing
2592 480 93 78 for
2725 480 105 78 Mr.
2877 480 123 78 and

148 571 145 60 Mrs.
346 571 241 61 Homer
631 574 340 79 Murphree
1015 594 141 60 was
1198 580 207 73 called
1450 588 63 66 to
1558 582 186 72 order
1785 580 78 76 by
1908 580 183 76 Chris
2136 580 214 76 Green
2398 579 250 78 leading
2695 594 168 63 song
2911 594 81 63 on

148 687 171 63 page
355 673 105 76 59.
498 672 136 78 The
673 675 282 79 morning
993 693 226 61 prayer
1249 694 138 60 was
1426 679 97 75 led
1561 681 79 76 by
1678 679 282 78 Douglas
1996 679 202 78 Conn.
2241 678 178 79 Chris
2455 678 214 79 Green
2706 678 148 79 then
2895 678 97 79 led

148 787 168 61 song
367 787 82 61 on
499 789 177 61 page
723 777 105 73 58.
877 775 135 75 The
1059 777 183 73 class
1288 780 351 76 organized
1686 780 79 76 by
1813 778 348 78 retainging
2206 778 108 78 the
2359 777 313 79 following
2722 777 277 79 officers:

151 871 369 72 Chairman,
573 873 186 70 Chris
808 874 241 73 Green;
1098 876 154 72 Vice
1303 879 364 72 Chairman,
1720 879 268 72 Preston
2038 877 237 73 Crider;
2325 877 361 73 Secretary,
2740 876 160 75 Unie
2950 876 46 75 B

154 970 295 61 Howard.
510 972 277 61 Preston
846 975 222 60 Crider
1117 976 153 60 then
1327 978 102 58 led
1482 994 214 61 songs
1749 994 82 61 on
1885 993 216 63 pages
2154 978 84 78 75
2292 975 126 81 and
2473 976 150 79 212.
2682 975 312 81 Leaders:

156 1071 208 76 Henry
409 1071 327 76 Johnson,
793 1075 145 72 111,
994 1075 148 72 100;
1188 1075 57 72 J.
1296 1075 63 72 T.
1411 1077 205 72 Conn,
1672 1078 145 70 123;
1867 1077 169 72 Nora
2083 1075 243 73 Collett,
2377 1075 148 73 283,
2575 1075 153 73 217;
2775 1074 229 75 Orville

156 1171 205 75 Hyatt,
423 1173 153 73 204,
636 1174 156 72 482;
850 1173 139 73 Ava
1045 1174 412 73 Blackwood,
1522 1179 147 69 145;
1728 1176 174 72 Cecil
1962 1174 310 73 Gilliland,
2329 1176 153 72 300,
2547 1176 148 72 134;
2755 1173 249 75 Martha

153 1270 364 72 Woodard,
595 1273 162 70 397,
835 1275 162 70 331;
1077 1275 169 75 Hoyt
1323 1275 316 75 Renfore,
1719 1278 108 72 34,
1905 1276 157 73 512;
2142 1275 175 75 Gary
2391 1273 321 76 Wallace,
2794 1272 201 78 made

157 1377 534 54 announcement
733 1372 133 58 that
912 1372 81 60 he
1033 1389 144 43 was
1218 1374 214 76 taping
1479 1390 192 60 some
1713 1374 66 76 of
1816 1374 106 76 the
1966 1374 250 76 singing
2259 1380 64 70 to
2365 1372 145 78 play
2554 1372 165 78 back
2761 1387 82 63 on
2887 1371 108 79 the

160 1468 199 60 Radio
400 1470 246 58 Station
687 1470 156 60 from
886 1471 195 60 Boaz.

160 1567 298 61 RECESS.

301 1668 133 60 The
468 1668 180 60 class
684 1669 448 58 reassembled
1164 1669 138 60 with
1339 1669 216 76 Benny
1590 1669 211 76 Green
1839 1669 244 78 leading
2118 1684 205 63 songs
2356 1684 81 63 on
2475 1684 208 63 pages
2715 1669 127 78 383
2877 1668 124 79 and

159 1768 150 57 384.
367 1767 315 58 Leaders:
739 1767 180 76 Virgil
979 1767 274 78 Phillips,
1317 1770 147 75 137;
1519 1768 187 76 Chita
1759 1768 324 76 Blakeley,
2137 1770 151 75 428,
2349 1770 148 75 196;
2548 1767 57 78 J.
2665 1767 57 78 L.
2778 1765 213 79 Oden,

159 1867 156 69 274,
391 1864 208 72 275b;
675 1866 174 70 Aver
921 1864 250 72 Crider,
1246 1867 156 69 234,
1477 1869 112 67 48;
1666 1866 250 70 Barrett
1989 1866 268 73 Ashley,
2340 1867 150 72 108,
2565 1867 157 72 343;
2800 1864 202 75 Marie

162 1962 288 72 Guthrie,
514 1965 154 69 220,
733 1965 157 69 434;
951 1963 136 70 Jeff
1146 1963 375 76 Sheppard,
1584 1965 151 75 289,
1798 1965 154 75 440;
2017 1963 223 76 Estele
2304 1962 255 78 Napier,
2622 1963 154 76 392,
2839 1963 154 76 471;

162 2061 184 60 Chris
405 2061 264 72 Carroll,
735 2064 147 69 144.

163 2161 297 60 RECESS.

306 2260 133 60 The
474 2260 180 60 class
693 2259 300 61 resumed
1030 2259 246 78 singing
1311 2259 136 78 with
1486 2259 204 78 Henry
1725 2259 276 78 Guthery
2035 2259 247 78 leading
2317 2274 207 63 songs
2557 2274 81 63 on
2674 2274 211 63 pages
2919 2259 82 78 88

162 2358 126 60 and
345 2361 145 57 101.
549 2358 312 60 Leaders:
916 2358 162 60 Eron
1129 2358 225 69 White,
1407 2359 313 67 313,314;
1773 2356 289 75 Douglas
2113 2356 205 75 Conn,
2371 2358 150 73 378,
2574 2356 151 75 448;
2781 2355 211 76 Milton

162 2455 228 72 Oliver,
448 2458 156 69 288;
663 2455 162 72 Unie
880 2455 67 72 B.
1008 2454 295 73 Howard,
1359 2457 151 70 208,
1572 2455 148 72 172;
1776 2452 346 75 Lawrence
2176 2452 126 75 and
2359 2452 148 75 Lule
2562 2452 430 75 Underwood,

162 2556 150 69 358,
378 2556 150 69 189;
591 2554 180 70 Edith
828 2553 183 72 Tate,
1072 2554 105 70 73,
1239 2554 106 70 98;
1404 2551 226 73 Sheila
1683 2551 321 73 Wootten,
2062 2551 154 73 457;
2277 2550 226 75 Lamar
2557 2550 222 75 Smith,
2839 2550 151 75 36b,

163 2653 147 70 76b;
354 2653 261 70 Corene
655 2652 222 72 White,
924 2653 151 70 216;
1122 2650 216 73 Flarce
1380 2649 207 75 Creel,
1632 2649 148 75 39b,
1822 2650 150 73 269;
2019 2647 244 76 Reggie
2308 2647 334 76 Murphree
2686 2647 97 76 led
2826 2664 168 61 song

163 2767 79 45 on
277 2767 171 61 page
487 2754 142 75 128.

166 2851 393 58 DISMISSED
585 2850 153 60 FOR
760 2848 264 61 LUNCH.

322 2949 132 58 The
493 2949 334 58 afternoon
868 2946 265 61 session
1168 2959 142 48 was
1347 2943 202 64 called
1587 2949 64 58 to
1689 2941 183 66 order
1903 2941 138 66 with
2080 2940 180 67 Chris
2298 2941 211 66 Green
2553 2940 246 76 leading
2838 2956 165 60 song

163 3063 81 43 on
313 3063 180 61 page
562 3048 106 76 99.
742 3043 321 81 Leaders:
1131 3040 283 84 Vernice
1480 3040 282 84 Calvert,
1831 3040 109 84 56;
2013 3037 180 87 Ervin
2262 3037 331 87 Brothers,
2664 3039 105 85 95,
2839 3039 154 85 380;

166 3145 315 60 Kathleen
544 3144 319 70 Robbins,
930 3144 147 70 192,
1140 3142 154 72 436;
1353 3139 213 75 Aaron
1623 3138 321 76 Wootten,
2004 3138 156 76 354;
2215 3136 189 78 Terry
2460 3135 322 79 Wootten,
2847 3138 147 76 161,

163 3246 147 70 441;
361 3243 390 73 Cassandra
798 3240 301 76 Franklin,
1149 3240 153 76 342;
1351 3237 168 79 Elois
1567 3235 388 81 Hazelstein,
2008 3235 145 81 182.
2200 3234 133 82 The
2380 3232 237 84 Homer
2661 3234 336 82 Murphree

166 3342 258 75 Family,
492 3343 150 73 153,
706 3343 109 73 45;
880 3337 310 79 Harrison
1254 3336 213 81 Creel,
1528 3337 106 79 30,
1699 3336 153 81 530;
1915 3331 199 85 Linda
2169 3331 313 85 Thomas,
2547 3333 106 84 97;
2712 3331 286 85 Jeannie

165 3441 325 70 Wootten,
558 3441 157 70 551;
783 3438 208 73 Cindy
1056 3435 316 76 Franklin,
1443 3435 148 76 187,
1656 3433 156 78 528;
1881 3429 175 82 Buell
2122 3430 210 81 Cobb,
2403 3432 150 79 141,
2620 3432 153 79 467;
2842 3430 163 81 Ruth

165 3540 274 70 Walker,
508 3541 156 69 480,
733 3538 157 72 460;
960 3534 277 76 Eugene
1305 3529 415 81 Blackwood,
1786 3531 157 79 341;
2011 3526 196 84 Essie
2272 3526 282 84 Calvert,
2622 3529 153 81 409,
2842 3531 156 79 338;

168 3637 235 61 Homer
453 3637 322 69 Brothers,
831 3634 99 72 his
976 3631 324 78 daughter
1345 3630 126 79 and
1519 3636 123 73 two
1687 3625 511 84 grandchildren,
2250 3627 150 82 445,
2451 3627 150 82 335;
2653 3625 177 84 Larry
2880 3627 126 82 and

168 3738 202 60 Helen
430 3736 319 70 Lambert,
811 3733 309 73 "Brown",
1179 3732 156 75 332;
1390 3729 169 78 Vera
1617 3726 324 81 Blakeley,
2005 3726 150 81 168;
2212 3724 202 82 Steve
2475 3724 310 82 Lambert,
2851 3729 147 78 120;

163 3837 154 60 Tom
385 3837 273 78 Harper,
724 3835 156 79 442,
946 3835 156 79 500;
1170 3829 285 85 Carmon
1521 3825 331 90 Brothers,
1917 3825 157 90 499;
2134 3822 229 93 Jethro
2428 3822 253 93 Collett,
2751 3825 129 90 112
2944 3825 55 90 in

166 3952 291 60 memory
519 3934 67 78 of
643 3933 177 79 John
886 3927 382 85 Galbreath.
1338 3925 214 87 Henry
1614 3922 309 90 Guthery,
1989 3922 106 90 54.
2161 3921 187 91 Chris
2412 3921 244 91 Green,
2722 3922 277 90 Preston

165 4036 229 72 Crider,
438 4033 177 79 Virgil
661 4032 250 81 Phillips
954 4029 126 84 and
1119 4026 222 87 Jethro
1383 4023 223 90 Collett
1648 4021 97 91 led
1786 4036 166 76 song
1996 4035 81 78 on
2119 4035 171 78 page
2329 4021 103 91 46.
2476 4018 130 94 The
2647 4020 178 93 class
2862 4038 139 75 was

163 4134 354 63 dismissed
562 4132 142 64 with
754 4144 231 64 prayer
1026 4128 82 81 by
1152 4125 165 84 Ottis
1363 4123 241 85 Hayes.

165 4236 363 70 Chairman,
580 4231 184 75 Chris
813 4230 240 76 Green;
1101 4225 153 81 Vice
1302 4221 363 85 Chairman,
1717 4218 268 88 Preston
2034 4216 235 90 Crider;
2317 4216 358 90 Secretary,
2728 4218 157 88 Unie
2934 4221 64 85 B.

165 4336 297 60 Howard.

661 4429 376 87 SARDIS
1081 4423 505 93 PRIMITIVE
1626 4420 423 96 BAPTIST
2083 4419 433 97 CHURCH

1206 4554 216 75 Lynn's
1449 4549 172 79 Park,
1651 4546 319 82 Alabama.

1276 4651 304 73 February
1612 4650 94 75 19,
1743 4648 163 76 1989

1549 4749 85 57 23
