3150 4950
178 280 174 60 song
408 279 85 61 on
550 277 177 63 page
787 261 147 79 143.
996 253 298 87 Kenneth
1351 249 265 91 Fannin,
1675 244 154 96 387;
1890 240 211 100 Diane
2157 228 346 112 Whitaker,
2563 222 157 118 339;
2779 219 195 121 Levert

184 360 255 72 Howell,
493 361 106 70 43;
652 358 129 73 Tim
831 354 339 78 Whitaker,
1225 349 151 82 "Not
1428 345 192 87 Made
1671 340 157 91 With
1882 333 258 99 Hands"
2191 324 228 108 Aquila
2473 321 318 111 Brannon,
2844 322 124 109 68b;

186 459 195 61 David
427 459 315 67 Brannon,
787 456 150 70 358;
984 450 237 76 Cassie
1266 445 298 81 Franklin,
1611 441 147 85 342.
1803 436 51 90 A
1893 432 318 94 business
2253 423 270 103 session
2566 433 139 93 was
2751 417 132 109 held
2919 429 49 97 to

186 558 157 58 hear
381 562 205 70 report
627 555 67 78 of
729 552 426 81 committees:
1195 546 135 87 The
1372 543 279 90 Finance
1695 538 204 94 report
1936 544 141 88 was
2118 526 189 106 given
2352 520 81 112 by
2476 517 147 115 Mae
2667 516 297 117 Seymour.

187 654 378 61 Resolution
619 652 387 63 Committee
1062 651 229 72 report:
1342 642 115 81 We
1512 636 196 87 thank
1759 634 108 88 the
1923 627 156 96 Lord
2137 625 54 97 in
2248 621 78 102 all
2380 619 67 103 of
2500 616 97 106 his
2655 631 201 91 mercy
2899 621 75 102 for

187 754 279 76 allowing
514 768 75 63 us
628 757 64 73 to
733 748 189 82 again
964 742 334 88 assemble
1336 741 94 90 for
1467 738 108 93 the
1615 733 312 97 Alabama
1965 727 184 103 State
2191 717 420 114 Convention.
2656 715 109 115 We
2805 718 159 112 thank

186 853 109 58 the
351 852 259 60 officers
666 847 126 64 and
846 844 373 67 committee
1276 837 328 75 members
1659 832 94 79 for
1804 825 346 87 accepting
2206 819 162 93 their
2419 816 186 96 tasks
2706 819 262 93 prayfully

189 951 126 58 and
363 949 244 75 earring
655 946 151 78 then
858 949 109 75 out
1012 957 79 67 so
1138 936 300 88 willingly.
1488 934 115 90 We
1651 927 195 97 thank
1894 925 75 99 all
2019 922 196 102 those
2262 918 145 106 who
2458 915 126 109 had
2635 931 37 93 a
2721 915 154 109 hand
2917 919 43 105 in

189 1047 330 78 preparing
556 1045 105 79 the
697 1041 307 84 delicious
1045 1036 220 88 meals.
1306 1033 135 91 The
1477 1027 235 97 people
1750 1026 64 99 of
1848 1024 109 100 the
1992 1015 385 109 community
2415 1014 126 111 and
2580 1014 301 111 members
2913 1020 52 105 of

189 1146 109 60 the
357 1143 241 63 church
661 1156 111 49 are
831 1144 66 61 to
955 1129 498 81 congratulated
1515 1128 94 82 for
1668 1123 159 87 their
1888 1119 153 91 hard
2103 1116 172 94 work
2337 1113 340 97 preparing
2734 1114 88 96 for
2872 1117 88 93 the

189 1240 399 61 convention.
628 1237 112 64 We
778 1234 192 67 thank
1006 1233 171 69 them
1216 1230 93 72 for
1342 1227 105 75 the
1491 1221 367 81 hospitality.
1896 1218 117 84 We
2052 1215 187 87 again
2283 1212 195 90 refect
2515 1227 79 75 on
2631 1212 180 90 those
2842 1216 117 85 who

189 1356 171 58 sang
414 1338 142 76 with
612 1351 81 63 us
745 1335 129 79 and
930 1332 172 82 have
1153 1341 178 73 gone
1384 1324 157 90 from
1600 1336 114 78 our
1768 1318 190 96 midst
2014 1314 253 100 leaving
2325 1327 78 87 us
2455 1311 141 103 with
2647 1312 313 102 wonderful

195 1434 367 60 memories.
618 1431 115 63 We
787 1444 111 49 are
951 1423 268 79 grateful
1273 1422 96 81 for
1420 1419 231 84 having
1707 1417 228 85 known
1987 1413 177 90 them
2218 1410 129 93 and
2400 1411 108 91 the
2563 1408 118 94 rich
2734 1410 229 93 traditon

190 1533 150 72 they
390 1528 243 76 shared
681 1525 141 79 with
876 1539 97 66 us.
1024 1521 115 84 We
1188 1518 198 87 thank
1432 1518 196 87 those
1675 1513 145 91 who
1870 1510 285 94 traveled
2208 1509 156 96 from
2413 1507 97 97 far
2553 1506 127 99 and
2728 1524 144 81 near
2907 1515 52 90 to

196 1627 184 57 make
421 1624 121 60 this
585 1638 39 46 a
660 1618 343 66 wonderful
1045 1615 267 73 singing.
1354 1614 115 75 We
1510 1627 150 61 pray
1701 1609 166 79 each
1906 1608 109 81 will
2061 1605 250 84 receive
2353 1620 39 69 a
2430 1603 238 85 special
2709 1603 247 85 blessing

193 1723 153 57 from
387 1719 222 75 having
646 1731 208 63 come.
894 1714 114 79 We
1044 1728 150 66 pray
1231 1726 78 67 as
1342 1725 99 69 we
1477 1714 180 79 enter
1692 1705 118 88 this
1849 1704 244 90 holiday
2130 1717 247 76 season
2416 1701 127 93 that
2577 1716 93 78 we
2703 1701 79 93 do
2814 1716 67 78 so
2914 1701 42 93 in

193 1819 108 58 the
349 1815 175 76 spirit
574 1813 66 78 of
688 1813 144 78 love
883 1810 129 81 and
1063 1809 136 82 that
1245 1824 102 67 we
1393 1804 208 87 would
1653 1804 85 87 be
1789 1801 334 90 protected
2173 1816 85 75 so
2305 1798 136 93 that
2485 1813 100 78 we
2634 1797 181 94 might
2851 1797 105 94 join

193 1914 298 76 together
540 1912 52 78 in
649 1912 169 78 1990
867 1911 94 79 for
1009 1906 271 84 another
1326 1905 315 85 Alabama
1690 1902 181 88 State
1924 1899 421 91 Convention.
2403 1897 238 93 Pennie
2689 1896 265 94 Morrison

198 2013 288 73 Bosarge
529 2008 126 78 and
697 2007 216 79 Marsh
951 2005 319 81 Johnson.
1314 2004 51 82 A
1408 2001 229 85 motion
1678 2014 138 72 was
1861 1998 189 88 made
2089 2002 64 84 to
2193 1996 148 90 take
2385 2010 226 76 money
2652 1999 100 87 out
2788 1993 58 93 of
2874 1993 88 93 the

195 2115 294 52 treasure
534 2106 127 61 and
708 2104 166 63 send
921 2109 192 69 tapes
1161 2101 66 76 of
1269 2101 106 76 the
1420 2097 382 81 convention
1849 2103 64 75 to
1959 2095 106 82 the
2110 2095 150 82 shut
2304 2094 124 84 -ins
2473 2092 91 85 for
2605 2091 183 87 today
2826 2092 133 85 only.

195 2205 177 78 Virgil
430 2203 273 79 Phillips,
799 2202 124 81 Jim
976 2202 255 81 Carnes
1284 2199 126 84 and
1465 2197 184 85 Elder
1701 2196 201 87 Farris
1954 2194 100 88 led
2106 2209 168 73 song
2329 2208 81 75 on
2463 2206 169 76 page
2680 2191 96 91 62,
2824 2190 133 93 after

195 2304 205 60 which
454 2302 109 61 the
616 2301 184 63 class
852 2314 142 49 was
1047 2296 360 67 dismissed
1459 2296 142 67 with
1657 2310 231 63 prayer
1938 2293 81 79 by
2073 2292 189 81 Elder
2314 2289 220 84 Farris.
2637 2287 321 85 Chairman,

196 2403 175 76 Virgil
423 2401 274 78 Phillips;
744 2400 151 79 Vice
942 2398 363 81 Chairman,
1353 2397 120 82 Jim
1521 2395 273 84 Carnes;
1842 2394 358 85 Secretary,
2253 2391 145 88 Mae
2446 2389 318 90 Seymour.

751 2503 153 76 MT.
936 2500 408 79 VERNON
1378 2499 253 100 (KING
1662 2496 406 103 SCHOOL
2095 2493 361 106 HOUSE)

1204 2626 243 60 Natural
1476 2625 190 69 Bride,
1693 2625 318 69 Alabama.

1263 2724 367 69 November,
1657 2724 100 69 26,
1791 2722 162 70 1989

412 2826 150 60 This
609 2841 141 45 was
796 2824 108 61 the
955 2821 369 64 nineteenth
1375 2821 267 64 session
1693 2820 64 66 of
1801 2818 106 67 the
1957 2817 246 69 Sacred
2256 2817 168 75 Harp
2470 2812 252 79 Singing
2769 2815 55 76 at
2863 2806 99 85 this

199 2923 253 60 Church
492 2938 85 45 on
615 2923 121 60 this
772 2922 145 72 day.
960 2920 147 73 This
1144 2919 249 76 singing
1431 2934 136 61 was
1609 2917 228 78 moved
1879 2916 151 79 here
2070 2914 153 81 from
2259 2913 121 82 Old
2421 2910 196 85 Union
2653 2905 225 90 Church
2913 2904 43 91 in

207 3022 186 58 1970.
438 3021 175 60 Then
657 3019 159 61 after
852 3019 108 61 the
1002 3016 192 64 death
1239 3016 63 64 of
1341 3016 174 67 Rev.,
1563 3015 226 69 Ganus
1828 3010 343 73 Wakefield
2215 3010 34 73 it
2290 3010 271 73 became
2605 3021 37 63 a
2682 2998 273 85 memorial

201 3118 91 60 for
333 3118 141 60 him.
550 3117 132 61 The
721 3117 177 61 class
936 3130 139 48 was
1113 3114 201 64 called
1354 3112 291 76 together
1681 3111 78 78 by
1795 3109 168 79 John
2005 3109 175 79 Hyde
2224 3106 244 82 leading
2509 3118 159 70 song
2707 3115 73 73 on
2817 3111 139 78 page

202 3217 148 60 39b.
397 3216 136 61 The
577 3214 283 76 morning
906 3228 228 63 prayer
1171 3228 139 63 was
1356 3211 99 79 led
1498 3210 81 81 by
1620 3208 132 82 Ted
1798 3207 286 84 Godsey.
2133 3205 133 85 The
2308 3204 178 87 class
2529 3195 321 96 organized
2887 3193 72 97 for

202 3316 111 58 the
367 3316 127 73 day
550 3315 79 75 by
684 3313 280 76 electing
1018 3312 109 78 the
1180 3310 315 79 following
1554 3307 280 82 officers:
1893 3304 366 85 Chairman,
2314 3303 132 87 Ted
2505 3298 280 91 Godsey;
2832 3292 126 97 Vice

204 3414 369 69 Chairman,
633 3412 180 73 Larry
865 3409 376 76 Wakefield;
1344 3408 366 78 Secretary,
1761 3403 189 82 Josie
2005 3399 555 87 Hyde;Arranging
2611 3391 345 94 committee,

204 3513 216 60 Arthur
450 3511 183 61 Ward
670 3510 124 63 and
832 3508 240 64 Wilford
1107 3505 360 67 Wakefield.
1503 3505 129 67 Ted
1669 3502 265 73 Godsey
1968 3502 147 73 then
2154 3501 96 75 led
2284 3513 204 63 songs
2524 3511 76 64 on
2637 3505 192 70 pages
2857 3484 103 91 36b

207 3612 126 58 and
393 3612 144 58 138.
595 3609 306 61 Leaders:
958 3607 178 72 Larry
1186 3603 370 76 Wakefield,
1618 3604 144 75 100,
1815 3600 153 79 37b;
2019 3597 249 82 Wilford
2319 3591 364 88 Wakefield,
2734 3589 94 90 29,
2874 3583 85 96 42;

207 3709 243 60 Hubert
501 3706 207 70 Hood,
763 3708 153 69 340,
969 3706 156 70 480;
1179 3702 220 75 Teddy
1452 3699 291 78 Godsey,
1804 3699 142 78 198,
2010 3697 147 79 189;
2211 3694 177 82 Cecil
2439 3691 307 85 Sanders,
2797 3679 160 97 285b,

205 3811 153 67 318;
418 3805 199 73 David
676 3802 375 76 Wakefield,
1110 3802 150 76 428,
1317 3802 151 76 405;
1528 3796 136 82 Bob
1719 3795 261 84 Fannin,
2044 3796 145 82 112;
2251 3792 229 87 Kermit
2533 3790 252 88 Adams,
2842 3780 115 99 120,

207 3910 109 69 91;
396 3906 183 73 Cecil
657 3901 390 78 Wakefield,
1125 3901 157 78 203,
1360 3900 154 79 290;
1594 3892 264 87 Clifford
1936 3892 391 87 Wakefield,
2406 3892 156 87 495,
2638 3886 147 93 477;
2850 3873 109 106 Ted

208 4006 297 73 Godsey,
520 4003 192 76 147b.

210 4104 295 61 RECESS.

414 4201 177 72 Larry
636 4195 349 78 Wakefield
1033 4192 204 81 called
1282 4192 106 81 the
1435 4189 177 84 class
1656 4186 297 87 together
1996 4186 252 87 leading
2298 4201 168 72 song
2515 4200 79 73 on
2644 4194 159 79 page
2847 4171 114 102 108.

210 4300 312 60 Leaders:
579 4299 58 61 L.
694 4297 70 63 H.
823 4294 124 66 and
1008 4290 237 70 Estelle
1299 4288 297 72 Gilmore,
1651 4287 151 73 205,
1857 4285 154 75 403;
2068 4284 201 76 Doyle
2320 4284 324 76 Williams,
2697 4281 97 79 84,
2842 4269 121 91 336;

207 4398 231 60 Arnold
498 4396 243 67 Moore,
798 4395 150 69 400,
1008 4393 106 70 35;
1171 4387 144 76 Lisa
1368 4383 297 81 Gilmore,
1723 4381 150 82 440,
1930 4381 154 82 441;
2143 4380 138 84 Earl
2340 4381 264 82 Harper,
2659 4378 142 85 421,
2851 4365 118 99 329;

207 4495 217 60 Travis
472 4492 267 69 Keeton,
787 4491 148 70 496,
985 4488 151 73 269;
1182 4486 130 75 Ora
1359 4480 126 81 Lee
1531 4477 256 84 Fannin,
1837 4479 147 82 448,
2032 4479 154 82 212;
2233 4477 280 84 Geneva
2560 4477 244 84 Horton,
2845 4462 118 99 426,

207 4596 150 67 498;
400 4591 256 72 Warren
702 4587 195 76 Steel,
940 4585 148 78 327,
1140 4582 142 81 183;
1327 4578 54 85 L.
1432 4576 61 87 E.
1543 4575 286 88 Hannah,
1878 4576 147 87 306,
2070 4576 150 87 273;
2262 4575 133 88 Ted
2440 4576 288 87 Godsey,
2775 4566 121 97 147.

1555 4674 118 58 174
