3189 4975
351 231 133 63 The
525 235 334 79 forty-third
900 246 265 69 session
1207 249 66 66 of
1308 249 108 66 the
1456 252 231 63 annual
1732 250 319 76 Hopewell
2097 246 465 81 Homecoming
2640 258 139 69 was
2818 249 181 78 called

195 340 61 55 to
297 340 183 61 order
516 343 78 76 by
633 345 214 75 Calvin
889 352 244 79 Phillips
1174 355 246 79 leading
1461 373 165 61 song
1666 375 81 60 on
1788 373 168 61 page
1995 358 102 76 59.
2139 354 135 81 The
2313 352 283 82 morning
2635 369 223 66 prayer
2887 373 115 61 was

198 435 99 60 led
345 438 78 76 by
472 441 156 73 Furn
681 447 321 67 Kitchens.
1053 453 217 61 Calvin
1362 456 250 76 Phillips
1657 456 153 76 then
1861 454 96 78 led
2005 468 172 64 song
2227 468 81 64 on
2358 468 174 64 page
2580 453 102 79 61.
2737 451 256 81 Leaders

192 547 172 48 were
421 540 232 63 called:
711 544 180 81 Virgil
949 549 276 78 Phillips,
1288 553 147 73 137;
1495 553 160 73 Roie
1708 550 387 76 Alexander,
2155 552 111 75 31;
2325 547 163 79 Pete
2545 549 267 78 Hames,
2866 558 130 75 559;

192 630 214 78 Alpha
481 637 220 73 Black,
778 645 157 69 343;
1014 645 151 69 Mae
1240 648 349 75 Seymour,
1672 649 153 73 189;
1900 648 193 75 Terry
2172 648 261 75 Hullett,
2517 648 153 75 142;
2743 649 247 73 Thelma

195 727 528 81 Murphree,143;
786 739 292 79 Douglas
1137 744 207 75 Conn,
1405 747 153 72 546;
1618 745 277 73 Mozelle
1953 744 373 78 Sheppard,
2394 745 148 76 120;
2604 745 129 76 Kim
2791 748 199 81 Cagle,

198 828 144 70 186;
385 829 189 69 Willie
622 834 145 64 Mae
813 837 211 75 Moon,
1071 843 150 69 217;
1267 841 262 70 Shelton
1573 841 403 72 Williamson,
2023 844 148 69 300,
2223 841 156 72 Unie
2427 843 63 70 B.
2541 843 280 76 Howard,
2865 852 126 75 384;

195 924 142 76 Billy
381 927 316 76 Williams,
747 936 105 69 78;
900 936 238 78 Margie
1183 937 198 76 Smith
1429 940 124 73 and
1600 939 349 78 grandson,
1998 942 153 75 401;
2200 940 342 76 Lawrence
2589 943 391 81 Underwood,

190 1023 154 72 430;
414 1026 270 69 Lurleen
750 1032 234 72 Heath,
1051 1036 153 70 222;
1272 1035 253 76 Harvey
1590 1036 249 75 Austin,
1903 1038 154 73 335;
2127 1036 253 75 Martha
2439 1039 346 76 Woodard,
2853 1048 127 75 111;

193 1119 268 64 Hershel
508 1125 172 81 King,
733 1131 144 75 176;
921 1131 171 75 Alice
1135 1131 378 75 Washburn,
1560 1135 151 70 207;
1750 1132 60 73 J.
1855 1134 63 72 T.
1965 1135 205 72 Conn,
2218 1138 106 70 48;
2370 1138 168 70 Nora
2580 1140 234 75 Collett,
2857 1149 124 66 283.

193 1218 295 66 RECESS.

382 1320 133 61 The
559 1323 180 61 class
781 1339 139 46 was
963 1327 207 60 called
1215 1329 295 76 together
1551 1330 79 75 by
1671 1330 223 75 Jethro
1938 1330 226 75 Collett
2209 1333 250 81 leading
2503 1351 166 66 song
2715 1356 76 61 on
2833 1359 148 64 page

189 1417 150 60 499.
406 1417 315 64 Leaders:
786 1423 213 60 Loven
1065 1425 297 73 Earnest,
1426 1431 151 67 500;
1642 1428 246 70 Eunice
1948 1429 315 75 Kimbrell,
2328 1437 151 70 535;
2539 1437 163 70 Aver
2758 1441 213 76 Crider,

187 1516 150 70 542;
384 1516 63 70 B.
496 1519 78 67 M.
622 1519 217 73 Smith,
885 1524 150 70 273;
1080 1524 276 70 Carlene
1398 1527 229 70 Griffin,
1672 1530 102 67 70.
1825 1528 37 69 It
1902 1545 138 52 was
2085 1533 229 64 moved
2358 1536 124 61 and
2523 1539 247 60 second
2808 1546 58 54 to
2904 1560 69 61 go

190 1611 126 63 into
372 1630 40 43 a
466 1615 319 63 business
840 1618 294 63 session.
1191 1620 136 63 The
1383 1621 313 81 following
1755 1627 261 75 officers
2070 1645 171 57 were
2293 1632 282 70 elected:
2631 1636 337 78 Chairman,

187 1710 220 61 Calvin
465 1714 279 78 Phillips;
798 1716 153 76 Vice
1003 1717 367 75 Chairman,
1425 1722 225 70 Jethro
1704 1725 250 73 Collett;
2008 1728 424 73 Secretaries,
2493 1732 145 69 Mae
2689 1734 289 78 Seymour

186 1809 129 60 and
370 1810 205 60 Jewel
631 1812 324 73 Wootten;
1012 1815 349 81 Arranging
1419 1821 409 75 Committee,
1885 1825 231 76 Jimmy
2172 1828 288 76 Causey,
2517 1831 175 78 Virgil
2749 1834 225 79 Phillips

186 1906 129 60 and
381 1908 190 76 Terry
637 1909 255 75 Hullett;
961 1912 331 72 Memorial
1359 1915 480 76 Commmittee,
1909 1921 249 70 Martha
2220 1926 325 66 Woodard
2608 1930 126 61 and
2790 1933 181 63 Jewel

183 2002 322 73 Wootten;
558 2007 282 69 Finance
889 2011 405 73 Committee,
1342 2014 231 78 Jimmy
1621 2019 265 76 Causey
1936 2023 126 72 and
2110 2022 184 78 Terry
2343 2026 243 73 Hullett.
2635 2028 129 72 The
2808 2032 156 67 class

186 2104 304 58 resumed
534 2106 250 76 singing
828 2109 138 73 with
1014 2110 225 72 Ernest
1282 2112 247 78 Phillips
1575 2163 10 27 ,
1633 2119 148 70 434;
1828 2118 283 72 Leonard
2157 2124 124 66 and
2326 2124 249 66 Maxine
2619 2127 171 75 Lacy,
2833 2131 127 70 460;

181 2199 232 60 Ozella
471 2202 252 70 Chafin,
783 2206 154 69 304;
991 2205 136 70 Jeff
1180 2208 369 81 Sheppard,
1608 2217 153 72 445;
1819 2217 324 72 Charlene
2199 2220 304 72 Wallace,
2560 2226 106 69 30;
2724 2226 240 69 Herbert

184 2295 270 78 Phillips,
498 2301 150 72 418,
697 2304 145 69 163;
889 2302 316 79 Daphene
1249 2307 280 78 Causey,
1576 2313 147 72 216;
1771 2313 153 72 Furn
1971 2316 313 72 Kitchens,
2331 2322 147 67 338;
2523 2320 298 69 Freeman
2862 2326 103 63 and

178 2394 202 60 Jewel
427 2395 316 75 Wootten,
793 2403 150 69 324,
991 2403 105 70 49;
1147 2404 181 78 Hugh
1378 2406 306 76 McGraw,
1740 2413 139 69 124.

183 2491 298 64 RECESS.

334 2592 133 63 The
504 2595 178 61 class
721 2599 298 61 resumed
1057 2601 246 79 singing
1338 2605 135 75 with
1512 2607 213 73 Calvin
1764 2608 243 79 Phillips
2044 2611 244 79 leading
2325 2631 163 61 song
2527 2632 78 60 on
2643 2631 160 63 page
2836 2619 123 75 490.

181 2689 319 63 Leaders:
567 2694 186 78 Jerry
823 2697 376 79 Sheppard,
1267 2704 156 72 411;
1495 2704 205 78 Ralph
1773 2707 231 75 Heath,
2080 2712 148 70 196;
2298 2712 271 70 Andrew
2637 2715 162 70 Ellis,
2860 2718 93 67 38;

178 2788 265 61 Shelbie
493 2793 366 79 Sheppard,
909 2799 105 73 48;
1062 2799 168 73 John
1281 2800 312 79 Ethridge,
1642 2806 105 73 29;
1800 2806 267 73 Preston
2115 2808 231 72 Crider,
2395 2812 148 69 369;
2595 2812 166 69 Edith
2806 2812 150 70 Tate,

175 2890 151 69 389;
379 2890 235 69 Lonnie
661 2895 126 64 and
835 2895 213 64 Vivian
1099 2898 268 78 Rogers,
1417 2902 148 73 318;
1617 2902 228 73 Rhoda
1891 2905 225 72 Norris,
2170 2910 142 69 187;
2364 2908 156 70 Eron
2568 2910 211 72 White,
2827 2913 123 69 168;

172 2986 246 63 James
495 2991 288 72 Carnes,
862 2995 157 70 290;
1099 2995 216 70 Milton
1390 2998 240 72 Oliver,
1708 3003 157 70 328;
1942 3003 241 70 Corine
2259 3006 229 72 White,
2563 3010 153 69 314;
2791 3009 159 75 Larry

178 3085 339 79 Ballinger,
582 3090 108 75 71;
748 3090 322 75 Thurman
1134 3094 154 70 Nail,
1350 3099 153 67 276;
1564 3096 139 70 S.T.
1770 3100 205 72 Reed,
2040 3103 151 70 277;
2250 3105 178 76 Virgil
2493 3105 267 79 Phillips,
2824 3108 124 76 137;

177 3184 240 61 Marlon
468 3187 318 72 Wootten,
838 3193 106 67 49;
999 3189 210 72 Edwin
1261 3193 328 78 Ballinger,
1644 3199 105 72 67;
1803 3198 219 73 Flarce
2070 3202 208 70 Creel,
2328 3205 153 67 269;
2533 3204 153 69 Fred
2737 3204 211 69 Battles

175 3283 123 60 and
340 3283 187 61 Linda
562 3286 301 72 Thomas,
904 3291 99 67 39.
1047 3289 178 69 Elder
1263 3291 135 67 Dee
1437 3291 225 78 Philips
1698 3295 204 76 spoke
1941 3312 39 60 a
2014 3298 121 73 few
2167 3300 205 72 words
2412 3300 120 72 and
2572 3301 93 70 led
2703 3318 151 60 song
2889 3316 64 61 on

171 3397 172 61 page
376 3385 103 73 45.

174 3480 394 63 DISMISSED
592 3483 150 60 FOR
765 3483 259 63 LUNCH.

321 3580 132 61 The
489 3582 177 60 class
699 3597 136 46 was
874 3583 438 60 reassembled
1345 3585 136 60 with
1521 3586 210 61 Calvin
1771 3589 225 79 Philips
2035 3592 246 79 leading
2316 3610 165 61 song
2518 3612 79 60 on
2634 3612 162 61 page
2832 3595 117 78 135.

171 3678 310 61 Leaders:
543 3679 138 60 Don
742 3679 256 70 Bowen,
1059 3682 106 67 37;
1221 3681 54 69 J.
1338 3681 55 69 L.
1453 3682 210 72 Oden,
1723 3688 153 69 275;
1936 3688 193 69 Leola
2187 3691 220 72 Smith,
2467 3696 150 69 402;
2676 3693 268 72 Harrison

166 3775 214 72 Creel,
442 3778 153 70 530;
658 3777 64 72 E.
786 3777 72 72 C.
922 3777 258 72 Bowen,
1242 3780 151 70 488;
1455 3780 226 70 Lamar
1738 3781 223 76 Smith,
2023 3789 108 70 36;
2194 3789 219 70 Eloise
2472 3792 127 67 and
2659 3790 285 69 Freeman

165 3874 319 72 Wootten,
540 3877 154 70 441;
751 3876 159 76 Hoyt
964 3876 298 76 Renfore,
1320 3879 106 73 34;
1480 3879 153 73 Tom
1690 3880 259 81 Harper,
2007 3888 153 73 442;
2214 3888 288 73 Thomas
2557 3891 253 70 Raines,
2862 3889 87 72 33;

163 3973 231 61 Shane
451 3975 321 72 Wootten,
834 3978 153 69 299;
1047 3975 345 72 Lawrence
1449 3978 238 72 Green,
1749 3982 154 72 417;
1963 3984 186 70 Rosa
2206 3988 295 78 Hughes,
2560 3993 150 73 348;
2767 3984 177 82 Cindy

163 4074 309 70 Franklin,
535 4075 156 70 362;
753 4074 172 75 Mary
984 4072 313 76 Gardner,
1363 4077 147 72 136;
1572 4077 187 76 Lloyd
1822 4080 267 76 Bynum,
2157 4089 148 69 171;
2367 4089 243 69 Cassie
2670 4086 277 72 Franklin,

159 4173 151 70 512;
364 4171 187 76 Lydia
604 4171 289 76 Baswell,
942 4171 207 76 Joyce
1197 4171 313 76 Wootten,
1563 4173 234 75 Oveda
1845 4179 171 73 Carr,
2071 4183 205 69 Bertie
2323 4186 121 76 Joy
2499 4186 267 81 Phillips,
2812 4186 130 81 323;

160 4270 181 75 Ruby
391 4270 129 75 and
573 4270 240 78 Dwight
864 4269 268 79 Phillips,
1185 4270 148 78 331,
1384 4273 150 75 288;
1587 4272 198 76 Hazel
1837 4276 225 79 Cagle,
2121 4284 145 72 183;
2317 4285 280 70 Carmon
2652 4285 289 70 Brothers,

154 4369 154 70 274;
379 4369 213 75 Herby
658 4369 240 75 Bailey,
964 4369 108 75 47;
1140 4368 234 76 Harold
1438 4369 285 78 Cooper,
1788 4377 154 72 482;
2013 4378 151 70 Lula
2229 4381 279 78 Lowery,
2575 4387 153 72 476;
2791 4378 153 81 Luda

157 4467 325 78 Kennedy,
528 4470 144 75 155;
711 4465 211 79 Calvin
961 4465 124 79 and
1123 4465 226 79 Walter
1384 4467 246 79 Phillips
1669 4470 96 76 led
1803 4488 165 64 song
2010 4492 79 60 on
2128 4494 171 63 page
2340 4483 81 73 73
2491 4485 124 72 and
2652 4485 103 72 the
2790 4482 154 75 class

151 4582 138 45 was
336 4566 357 61 dismissed
738 4566 138 61 with
924 4579 225 63 prayer
1192 4564 78 78 by
1317 4564 231 78 Walter
1591 4569 271 78 Phillips.

1519 4668 81 57 74
