3150 4950
442 138 426 87 DORSEY
895 144 345 84 CREEK
1273 147 489 81 PRIMITIVE
1792 144 414 84 BAPTIST
2230 139 429 88 CHURCH

966 276 288 70 Bremen,
1282 276 322 70 Alabama,
1633 292 82 54 on
1743 274 295 78 Highway
2064 274 81 78 69

1321 373 139 73 July
1485 375 300 72 23,1989

325 469 136 61 The
507 468 178 78 thirty
733 472 244 78 -eighth
1026 472 271 78 session
1345 472 66 78 of
1452 472 111 78 the
1611 471 234 79 annual
1894 471 249 79 Sacred
2194 468 171 82 Harp
2410 466 264 84 Singing
2725 463 147 87 held
2922 468 61 82 at

151 576 229 70 Dorsey
436 568 220 78 Creek
715 570 319 76 Primitive
1093 571 250 76 Baptist
1401 571 259 76 Church
1716 585 141 63 was
1914 568 211 79 called
2185 573 64 75 to
2307 565 193 82 order
2554 565 81 82 by
2692 564 280 84 Preston

153 670 199 66 Crider
405 667 261 79 leading
724 684 175 63 song
960 687 82 60 on
1102 685 177 61 page
1335 672 105 75 32.
1500 669 138 78 The
1696 667 288 79 morning
2043 681 234 66 prayer
2328 679 144 67 was
2530 663 102 84 led
2691 661 81 85 by
2829 660 153 87 Ulys

151 771 241 63 Walker.
439 768 273 66 Preston
756 768 223 66 Crider
1017 768 154 66 then
1215 768 103 66 led
1357 783 172 61 song
1572 783 84 61 on
1698 781 175 63 page
1912 768 106 76 39.
2064 765 135 79 The
2238 763 183 81 class
2463 760 351 84 organized
2895 759 81 85 by

154 868 258 78 electing
468 865 201 81 these
727 865 291 81 officers:
1080 865 373 81 Chairman,
1516 865 279 81 Preston
1855 862 244 84 Crider;
2158 861 157 85 Vice
2374 859 375 87 Chairman,
2806 856 175 90 John

157 972 229 67 Hocutt;
441 966 370 75 Secretary,
870 964 165 76 Unie
1087 966 67 75 B.
1213 964 300 76 Howard;
1564 963 354 78 Arranging
1974 961 414 79 Committee,
2442 958 232 82 Ozella
2727 955 255 85 Chafin.

160 1071 249 61 Preston
463 1065 220 67 Crider
730 1065 157 67 then
942 1065 102 67 led
1096 1080 171 63 song
1323 1080 82 63 on
1458 1078 178 64 page
1684 1065 108 78 42.
1851 1062 309 81 Leaders:
2215 1059 175 84 Cecil
2446 1057 319 85 Sanders,
2823 1056 150 87 542,

160 1168 178 69 569b;
403 1165 213 76 Henry
675 1164 334 78 Johnson,
1077 1165 154 76 317,
1296 1162 156 79 30b,
1518 1165 109 76 61;
1693 1162 66 79 B.
1828 1161 67 81 B.
1963 1161 264 81 Mattox,
2295 1159 153 82 460,
2512 1158 159 84 430;
2736 1153 241 88 Corine

160 1267 201 72 White,
418 1267 144 72 126,
616 1266 153 73 216;
822 1264 331 75 Charlotte
1206 1263 240 76 Hinkle,
1504 1264 145 75 186,
1702 1263 156 76 371;
1912 1260 172 79 Leon
2139 1258 199 81 Price,
2392 1258 150 81 389,
2596 1257 154 82 336;
2803 1252 171 87 C.W.

165 1369 243 69 Barnes,
460 1368 145 70 101,
658 1366 148 72 168;
856 1363 201 76 Cindy
1102 1363 225 76 White,
1380 1365 145 75 155,
1579 1363 147 76 120;
1777 1360 306 79 Imogene
2131 1357 286 82 Nelmes,
2467 1357 148 82 446,
2665 1356 151 84 441.

166 1467 271 63 RECESS.

327 1566 130 61 The
498 1566 180 61 class
721 1563 456 64 reassembled
1219 1563 141 64 with
1404 1563 270 64 Preston
1719 1560 219 67 Crider
1978 1558 250 78 leading
2272 1573 169 63 song
2487 1572 81 64 on
2613 1570 172 66 page
2833 1554 142 82 148.

166 1666 295 63 Leaders:
520 1665 180 64 John
768 1665 258 70 Hocutt,
1099 1665 150 70 150,
1323 1663 148 72 191,
1539 1663 159 72 481;
1761 1660 178 75 Alvin
2005 1659 264 76 Parker,
2341 1657 148 78 131,
2563 1656 153 79 102;
2782 1651 199 84 Essie

168 1767 250 70 Calvert,
477 1767 148 70 109,
679 1765 154 72 482;
892 1764 165 73 Eron
1110 1762 226 75 White,
1390 1764 154 73 313,
1599 1762 153 75 313;
1804 1758 181 79 Virgil
2041 1756 279 81 Phillips,
2374 1756 151 81 212,
2586 1755 150 82 137;
2793 1750 190 87 Lydia

169 1864 274 72 Baswell,
507 1866 148 70 104,
715 1863 204 73 323b;
978 1861 166 75 Ruth
1201 1861 276 75 Walker,
1533 1861 156 75 298,
1746 1861 156 75 480;
1960 1857 241 79 Bertha
2256 1855 298 81 Henson,
2613 1855 156 81 200,
2827 1852 154 84 565;

171 1963 207 61 Luther
429 1962 252 72 Parker,
738 1963 153 70 345,
948 1960 198 73 345b.

172 2062 273 60 RECESS.

312 2160 127 60 The
477 2160 177 60 class
688 2175 141 45 was
865 2157 205 63 called
1108 2157 295 76 together
1437 2155 79 78 by
1554 2154 172 79 Virgil
1767 2152 249 81 Phillips
2055 2151 247 82 leading
2341 2164 166 69 song
2548 2163 81 70 on
2670 2161 171 72 page
2878 2146 102 87 47.

174 2259 288 60 Leaders:
517 2257 252 75 Wayne
829 2256 268 76 Baines,
1156 2257 153 75 340,
1369 2256 154 76 436;
1585 2251 171 81 Elsie
1816 2250 306 82 Beasley,
2181 2248 153 84 36b,
2394 2248 108 84 30;
2562 2245 192 87 Ester
2805 2241 177 91 Wall,

171 2358 132 69 478,
345 2359 150 67 456;
538 2356 166 70 Aver
747 2355 238 72 Crider,
1032 2355 151 72 224,
1228 2355 153 72 234,
1426 2350 196 76 385b.
1672 2349 186 78 Elder
1900 2349 70 78 H.
2019 2347 73 79 C.
2140 2346 213 81 Moon,
2401 2343 282 84 thanked
2727 2341 258 85 singers

172 2455 79 58 for
282 2454 241 79 singing
562 2461 64 72 at
666 2454 96 79 his
799 2452 196 81 wife's
1035 2451 241 82 funeral
1315 2451 106 82 the
1461 2455 148 78 past
1645 2445 415 88 Wednesday
2100 2443 126 90 and
2269 2442 97 91 led
2406 2457 208 76 songs
2652 2455 84 78 on
2775 2452 211 81 pages

172 2556 73 57 45
282 2554 121 58 and
441 2556 148 57 285.

177 2652 369 61 DISMISSED
570 2652 153 61 FOR
745 2650 265 63 LUNCH.

357 2752 130 61 The
535 2752 339 61 afternoon
922 2749 273 64 session
1242 2763 139 51 was
1426 2745 207 69 called
1680 2752 64 61 to
1792 2742 187 72 order
2023 2740 79 76 by
2151 2740 270 76 Preston
2469 2736 220 81 Crider
2734 2733 253 84 leading

175 2866 147 63 song
370 2868 81 61 on
499 2868 172 63 page
718 2853 153 78 377.
924 2848 310 82 Leaders:
1284 2845 388 85 Cassandra
1719 2841 303 90 Franklin,
2076 2841 144 90 153,
2269 2839 150 91 354.
2472 2835 193 96 Marie
2713 2832 280 99 Guthrie,

175 2952 132 70 220,
361 2953 151 70 280;
570 2952 184 75 Ruby
813 2949 279 78 Phillips,
1155 2947 147 79 167,
1360 2947 153 79 290;
1566 2941 276 85 Vernice
1896 2938 276 88 Calvert,
2229 2938 151 88 291,
2436 2935 154 91 454;
2646 2932 138 94 Ann
2835 2931 151 96 Jett,

175 3052 135 70 546,
384 3051 204 72 448b;
663 3049 270 73 Brenda
1005 3046 262 76 Chafin,
1344 3045 156 78 309,
1573 3043 159 79 300;
1809 3037 201 85 Marie
2082 3034 330 88 Aldridge,
2487 3034 157 88 217;
2713 3028 277 94 Tressie

175 3148 235 73 Adkins,
457 3153 151 69 432,
664 3151 147 70 187;
862 3148 177 73 Edith
1087 3145 177 76 Tate,
1315 3145 105 76 35,
1470 3144 103 78 73;
1621 3139 202 82 Cindy
1870 3136 301 85 Franlkin,
2220 3136 148 85 320,
2416 3133 153 88 362;
2616 3129 202 93 Cindy
2865 3127 124 94 and

175 3247 184 79 Virgil,
426 3252 151 75 189;
639 3249 364 78 Willodean
1068 3246 262 81 Barton,
1393 3243 154 84 391,
1608 3240 159 87 434;
1828 3237 225 90 Flarce
2113 3232 214 94 Creel,
2389 3231 154 96 269,
2605 3229 157 97 327;
2827 3225 172 102 Elsie

178 3346 195 73 Moon,
424 3351 150 69 395,
627 3348 154 72 39b;
835 3345 303 75 Harrison
1191 3340 210 79 Creel,
1453 3340 150 79 498,
1654 3339 151 81 530;
1857 3333 226 87 Velton
2134 3330 249 90 Chafin,
2437 3327 147 93 69b,
2640 3325 150 94 76b,
2842 3327 150 93 505;

177 3444 210 61 Ozella
433 3447 250 69 Chafin,
738 3447 154 69 384,
951 3444 150 72 145;
1146 3439 175 76 John
1374 3438 250 78 Hocutt,
1674 3435 154 81 481.
1881 3432 274 84 Preston
2206 3426 237 90 Crider,
2494 3426 156 90 324;
2703 3421 298 94 Harrison

178 3541 183 73 Creel,
402 3547 148 67 342.
594 3544 270 70 Preston
906 3540 216 75 Crider
1156 3538 151 76 then
1348 3534 99 81 led
1485 3534 106 81 the
1627 3529 243 85 closing
1908 3543 169 72 song
2115 3541 81 73 on
2236 3538 172 76 page
2446 3523 102 91 77.
2592 3519 183 96 Elder
2812 3517 69 97 H.
2922 3517 70 97 C.

180 3639 172 64 Moon
397 3642 357 61 dismissed
801 3639 142 64 with
991 3651 247 63 prayer.

178 3739 342 76 Chairman,
574 3742 274 73 Preston
897 3736 238 79 Crider;
1183 3732 154 84 Vice
1384 3729 363 87 Chairman,
1792 3724 172 91 John
2013 3721 250 94 Hocutt;
2311 3718 360 97 Secretary,
2724 3714 157 102 Unie
2929 3712 64 103 B.

178 3838 277 66 Howard.

606 3943 381 84 MARION
1017 3936 408 91 COUNTY
1449 3925 682 102 COURTHOUSE
2158 3919 396 108 SINGING

1249 4060 342 69 Hamilton,
1618 4056 307 73 Alabama

1260 4161 141 76 July
1431 4161 103 76 23,
1573 4158 165 79 1989

325 4278 133 61 The
498 4275 346 73 seventhy-
886 4267 202 81 fourth
1129 4263 267 85 session
1437 4260 64 88 of
1536 4258 108 90 the
1684 4254 235 94 Marion
1960 4252 247 96 County
2247 4246 246 102 Sacred
2536 4246 166 102 Harp
2740 4243 259 105 Singing

172 4389 124 49 was
336 4377 208 63 called
585 4383 67 57 to
696 4374 190 66 order
925 4369 81 76 by
1050 4366 198 79 Estes
1284 4360 295 85 Jackson
1624 4354 253 91 leading
1918 4366 210 79 songs
2170 4365 85 81 on
2298 4362 213 84 pages
2551 4345 133 100 39b
2722 4345 129 100 and
2893 4345 105 100 45.

172 4473 118 66 Tim
361 4479 297 61 Gilmore
733 4471 105 69 led
913 4470 112 70 the
1102 4462 298 78 morning
1474 4471 256 69 prayer.
1809 4449 327 91 Lynwood
2211 4446 192 94 Clark
2475 4495 12 45 ,
2563 4461 40 79 a
2676 4443 324 97 Hamilton

172 4575 414 66 Courthouse
648 4569 244 72 official
957 4564 202 76 made
1219 4578 42 63 a
1321 4558 325 82 welcome
1707 4552 294 88 address
2061 4554 67 87 at
2187 4546 150 94 this.
2400 4545 138 96 The
2598 4543 187 97 class
2845 4543 156 97 then

172 4678 333 78 organized
553 4677 81 79 by
679 4669 277 87 electing
1002 4666 109 90 the
1156 4659 310 97 following
1512 4656 279 100 officers:
1836 4650 361 106 Chairman,
2248 4645 195 111 Estes
2484 4644 315 112 Jackson;
2844 4642 151 114 Vice

1534 4756 121 58 107
