3150 4950
304 181 138 61 The
484 181 159 61 First
679 181 90 61 All
813 217 22 25 -
877 181 342 61 California
1257 180 252 63 Sacred
1551 180 171 75 Harp
1761 175 262 79 Singing
2068 171 403 84 Convention
2515 174 130 81 met
2685 172 64 82 at
2791 165 79 90 10:
2916 168 84 87 00

151 312 55 45 a.
256 309 78 48 m.
384 298 66 58 at
492 292 109 64 the
648 292 262 64 Potrero
958 292 106 64 Hill
1111 289 499 78 Neighborhood
1659 288 244 79 House.
1948 285 135 82 The
2127 279 388 88 convention
2559 292 141 75 was
2745 274 145 93 held
2935 280 63 87 to

154 396 201 61 honor
399 393 109 64 the
558 393 318 78 marriage
924 393 64 78 of
1032 391 294 79 Chicago
1374 388 247 82 Sacred
1671 387 171 84 Harp
1887 384 268 87 Singers
2205 379 294 91 Stephen
2545 376 277 94 O'Leary
2872 372 126 99 and

156 496 174 75 Mary
379 495 187 76 Rose
612 493 226 78 Ogren
934 490 147 81 held
1132 507 87 64 on
1263 492 291 79 January
1603 489 60 82 7,
1719 487 172 84 1989
1942 483 58 88 in
2050 480 354 91 Berkelely,
2457 475 364 96 California.
2874 472 136 99 The

156 592 382 64 convention
577 607 141 49 was
754 591 207 66 called
1003 597 61 60 to
1105 589 184 67 order
1327 588 78 75 by
1446 585 268 78 Carolyn
1756 583 219 79 Deacy
2016 580 249 82 leading
2307 592 168 70 song
2515 591 81 72 on
2638 589 174 73 page
2850 573 148 90 299.

162 694 180 78 Hugh
388 691 297 81 McGraw
727 690 100 82 led
870 690 108 82 the
1023 687 279 85 opening
1347 700 243 72 prayer.
1633 682 135 90 The
1810 678 384 94 convention
2236 682 169 90 went
2448 675 126 97 into
2616 691 40 81 a
2697 670 315 102 business

160 793 289 69 session,
502 789 132 73 and
681 789 114 73 the
841 787 261 75 officers
1149 801 175 61 were
1368 783 259 79 elected
1677 796 73 66 or
1792 777 352 85 appointed
2194 792 81 70 as
2322 774 271 88 follows:
2643 769 367 93 Chairman,

165 891 276 75 Carolyn
502 889 252 76 Deacy;
814 886 157 79 Vice
1032 883 373 82 Chairman,
1468 882 172 84 Gary
1699 877 355 88 Breitbard;
2115 874 372 91 Secretary,
2551 871 142 94 Ron
2754 867 259 99 Cohen;

166 990 337 61 Assistant
567 987 378 73 Secretary,
1012 984 142 76 Ron
1224 979 363 81 Reynolds;
1648 978 381 82 Treasurer,
2097 973 177 87 Greg
2340 969 250 91 Gorrin;
2658 964 346 96 Chaplain,

171 1089 184 78 Hugh
414 1087 324 79 McGraw;
793 1083 357 84 Arranging
1209 1078 412 88 Committee,
1683 1074 277 93 Richard
2019 1072 303 94 DeLong,
2379 1069 178 97 Alice
2614 1066 217 100 Sharp
2884 1063 132 103 and

172 1191 217 60 Susan
441 1183 345 72 Breitbard;
837 1180 327 75 Memorial
1210 1179 406 76 Committee,
1666 1174 250 81 Connie
1966 1171 307 84 Karduck,
2323 1168 189 87 Vykki
2562 1165 238 90 Mende
2850 1164 168 91 Gary

174 1290 121 61 and
336 1287 180 78 Hugh
558 1287 309 78 McGraw.
909 1282 183 82 Hugh
1131 1281 292 84 McGraw
1458 1278 97 87 led
1593 1291 207 73 songs
1837 1291 81 73 on
1956 1288 211 76 pages
2202 1273 84 91 94
2323 1269 124 96 and
2487 1267 147 97 73b.
2706 1264 303 100 Leaders:

175 1390 169 75 Gary
400 1384 354 81 Breitbard,
810 1384 109 81 39,
984 1383 148 82 128;
1191 1380 141 85 Ron
1389 1378 253 87 Cohen,
1699 1378 154 87 200,
1917 1375 150 90 173;
2119 1371 178 94 Alice
2352 1369 235 96 Sharp,
2650 1368 147 97 107,
2854 1365 157 100 209;

178 1486 268 63 Richard
502 1485 297 76 DeLong,
855 1485 103 76 57,
1012 1483 153 78 306;
1216 1479 222 82 Susan
1491 1474 345 87 Breitbard,
1890 1473 150 88 56b,
2095 1473 147 88 133;
2293 1467 189 94 Vykki
2538 1465 238 96 Mende
2829 1464 187 97 Gary,

183 1590 142 69 183,
378 1588 156 70 217;
588 1584 172 76 Greg
817 1581 241 79 Gorrin,
1114 1581 150 79 254,
1320 1579 150 81 273.

181 1686 295 61 RECESS.

331 1785 132 60 The
499 1783 180 61 class
717 1779 300 66 resumed
1056 1777 244 78 singing
1338 1776 136 79 with
1513 1773 180 82 Hugh
1734 1771 291 84 McGraw
2059 1768 246 87 leading
2344 1782 165 73 song
2547 1779 81 76 on
2667 1777 171 78 page
2874 1759 145 96 37b.

184 1885 310 60 Leaders:
555 1882 135 63 Ted
754 1881 273 67 Mercer,
1093 1878 147 70 142,
1302 1876 154 72 222;
1512 1872 175 76 John
1747 1870 217 78 Gurtz,
2026 1870 151 78 500,
2242 1867 151 81 159;
2454 1863 141 85 Roz
2653 1858 358 90 Reynolds,

189 1987 142 67 193,
382 1984 153 70 532;
586 1980 282 75 Carlene
916 1975 237 79 Griffin,
1204 1977 105 78 57,
1365 1974 148 81 171;
1563 1971 118 84 Pat
1729 1969 238 85 Morse,
2016 1968 106 87 29,
2173 1966 106 88 90;
2332 1963 171 91 Leon
2550 1960 264 94 Wilson,
2868 1959 147 96 155,

184 2085 151 69 361;
399 2079 246 75 Marcia
699 2077 333 76 Johnson,
1093 2076 154 78 440,
1309 2073 154 81 394;
1527 2068 328 85 Charlene
1912 2064 309 90 Wallace,
2284 2059 199 94 385b,
2547 2059 151 94 428.
2760 2058 76 96 At
2892 2053 126 100 this

186 2182 145 60 time
378 2178 273 76 Carolyn
700 2176 223 78 Deacy
969 2172 208 82 called
1221 2170 96 84 for
1359 2169 108 85 the
1516 2164 321 90 memorial
1885 2164 246 90 lesson.
2179 2158 190 96 Vykki
2416 2157 238 97 Mende
2700 2155 171 99 Gary
2917 2152 100 102 led

189 2283 81 58 73
307 2280 127 61 and
475 2277 249 64 Connie
766 2272 307 70 Karduck,
1116 2274 129 69 565
1284 2269 58 73 in
1383 2281 280 61 memory
1702 2265 64 78 of
1800 2263 190 79 these
2034 2260 180 82 loved
2256 2274 186 69 ones.
2488 2256 252 87 Norene
2784 2253 241 90 Hobbs,

192 2377 262 61 Mildred
519 2376 361 67 Johnston,
952 2370 270 73 Francis
1287 2365 264 78 O'Neill,
1621 2364 145 79 D.T.
1834 2361 229 82 White,
2134 2359 148 84 Mac
2346 2356 325 87 Wootten,
2743 2352 288 91 Chester

187 2479 321 67 Wootten,
576 2475 175 72 Marc
813 2473 205 73 Pena,
1080 2469 294 78 Thomas
1432 2464 279 82 Bennett
1770 2461 342 85 Freeman,
2172 2455 238 91 Walter
2466 2452 240 94 Tecza,
2767 2448 261 99 Clifford

192 2575 357 70 Maslanka,
601 2572 145 73 Kurt
790 2571 276 75 Lowery,
1116 2565 220 81 Daniel
1387 2563 225 82 Stone,
1660 2559 220 87 Bobby
1929 2556 237 90 Culley,
2215 2554 139 91 Don
2403 2548 388 97 Dearmond,
2842 2548 178 97 Rose

193 2676 250 69 Levine,
502 2671 307 73 Gershan
865 2667 400 78 Lieberman,
1324 2662 129 82 Lee
1504 2659 208 85 Willis,
1765 2656 133 88 Jeff
1948 2655 280 90 Connor,
2286 2650 238 94 Maaka
2572 2647 270 97 Tanaka
2895 2644 126 100 and

193 2773 232 76 Phyllis
486 2772 231 78 Athey.

195 2871 391 61 DISMISSED
612 2868 153 64 FOR
787 2863 264 69 LUNCH.

376 2970 168 70 Gary
589 2962 319 78 Breitbard
955 2959 273 81 brought
1267 2958 108 82 the
1417 2955 331 85 afternoon
1792 2949 264 91 session
2100 2944 295 96 together
2436 2941 250 99 leading
2730 2953 168 87 song
2943 2953 81 87 on

195 3084 169 60 page
408 3067 151 76 208.
610 3061 312 82 Leaders:
963 3057 171 87 Judy
1179 3052 208 91 Hauff,
1441 3052 144 91 181;
1632 3048 213 96 Midge
1891 3045 258 99 Harder,
2197 3043 106 100 47;
2353 3040 183 103 Dean
2581 3037 244 106 Slaton,
2880 3036 145 108 192;

193 3165 130 58 Ted
366 3163 325 67 Johnson,
738 3160 154 70 269;
939 3154 313 76 Kathleen
1300 3150 243 81 Kuiper,
1593 3148 105 82 69;
1746 3142 273 88 Melanie
2067 3139 204 91 Hauff,
2317 3139 151 91 277;
2512 3135 264 96 Werner
2820 3132 204 99 Hertz,

196 3265 148 67 268;
397 3259 253 73 Connie
705 3253 313 79 Karduck,
1071 3253 106 79 61;
1233 3247 162 85 Ruth
1447 3244 238 88 Gorrin,
1743 3243 147 90 191;
1945 3238 135 94 Erik
2128 3237 318 96 Schutter,
2499 3234 106 99 47;
2659 3231 141 102 Rob
2851 3229 174 103 Katz,

195 3364 153 67 410;
400 3360 283 72 Norman
735 3355 256 76 Kantor,
1050 3351 150 81 146;
1252 3345 156 87 Paul
1458 3340 352 91 Sinasohn,
1863 3340 154 91 495;
2070 3334 154 97 Paul
2277 3333 289 99 Ralston,
2617 3331 156 100 326;
2824 3327 207 105 Cathy

201 3460 261 70 Sillavo,
532 3459 150 72 184.

202 3558 295 61 RECESS.

393 3658 135 60 The
571 3655 183 63 class
801 3646 309 72 resumed
1153 3643 255 78 singing
1450 3639 139 82 with
1636 3639 168 82 Gary
1851 3631 322 90 Breitbard
2220 3628 255 93 leading
2517 3642 171 79 song
2734 3640 84 81 on
2862 3639 174 82 page

205 3760 141 58 189.
396 3756 307 63 Leaders:
751 3750 235 69 Robert
1030 3747 205 72 Kater,
1281 3742 151 76 242;
1476 3736 291 82 Stephen
1810 3733 276 85 O'Leary
2131 3727 124 91 and
2302 3727 171 91 Mary
2517 3724 180 94 Rose
2739 3721 292 97 O'Leary,

201 3859 148 69 448,
411 3856 150 72 163;
616 3847 426 81 Christopher
1096 3841 217 87 Maier,
1368 3841 153 87 455;
1576 3832 201 96 David
1833 3831 330 97 Swarens,
2218 3828 154 100 300;
2428 3822 286 106 Barbara
2764 3820 268 108 Saxton,

199 3958 157 69 340;
432 3951 288 76 Richard
796 3949 253 78 Moore,
1122 3943 162 84 460;
1357 3937 139 90 Ken
1572 3933 219 94 Miller,
1864 3930 162 97 216;
2097 3924 145 103 Ned
2314 3921 244 106 Harris,
2631 3921 160 106 454;
2860 3918 186 109 Jerry

204 4054 384 67 Schreiber,
675 4050 154 72 186;
912 4044 151 78 Lisa
1141 4039 306 82 Ralston,
1528 4035 109 87 29;
1789 4029 195 93 Norm
2064 4021 370 100 Reynolds,
2518 4020 153 102 198;
2754 4017 283 105 Kathryn

205 4155 430 66 Henderson,
714 4147 160 73 291;
955 4143 180 78 Marv
1210 4134 393 87 Sternberg,
1680 4129 159 91 288;
1918 4122 168 99 Mimi
2161 4119 265 102 Wright,
2503 4119 159 102 318;
2739 4114 307 106 Stephen

201 4254 295 75 O'Leary,
543 4249 175 79 Mary
760 4246 183 82 Rose
984 4239 277 90 O'Leary
1300 4233 129 96 and
1473 4231 222 97 Peggy
1735 4227 223 102 Nauts,
2002 4222 150 106 384.
2232 4216 186 112 Hugh
2461 4215 291 114 McGraw
2794 4213 100 115 led
2934 4213 106 115 the

202 4353 250 78 closing
514 4362 252 69 prayer.
829 4339 279 91 Carolyn
1170 4336 246 94 Deacy,
1474 4329 175 102 Alice
1708 4326 213 105 Sharp
1978 4320 127 111 and
2164 4318 172 112 Gary
2397 4312 325 118 Breitbard
2784 4312 100 118 led
2941 4312 108 118 the

202 4453 241 76 closing
483 4464 169 66 song
694 4461 81 69 on
814 4456 174 73 page
1027 4440 100 90 62,
1165 4434 138 96 with
1347 4444 186 85 many
1569 4426 205 103 taking
1815 4423 106 106 the
1959 4417 244 112 Parting
2244 4414 190 115 hand.

202 4554 370 67 Chairman,
630 4546 258 75 Caroyn
942 4540 244 81 Decay,
1240 4533 156 88 Vice
1446 4527 367 94 Chairman,
1869 4522 172 99 Gary
2091 4513 348 108 Breitbard,
2493 4512 366 109 Secretary,
2913 4510 139 111 Ron

204 4656 234 60 Cohen.

1596 4726 81 58 17
