3150 4950
141 157 369 72 Chairman,
571 157 178 79 Mary
807 160 184 76 Rose
1045 162 307 75 O'Leary;
1407 163 157 73 Vice
1620 163 369 73 Chairman,
2044 162 135 75 Ted
2233 162 331 75 Johnson;
2622 160 370 76 Secretary,

145 258 271 63 Melanie
460 258 208 63 Hauff.

366 363 637 82 SOUTHWEST
1026 366 319 81 TEXAS
1378 366 403 81 SACRED
1813 367 265 79 HARP
2110 363 649 84 CONVENTION

1273 493 352 72 McMahan,
1653 493 211 72 Texas

1266 594 153 78 April
1444 595 102 76 29,
1573 595 300 76 30,1989

330 693 135 60 The
511 693 373 60 Southwest
925 693 216 60 Texas
1185 693 249 60 Sacred
1480 693 168 78 Harp
1690 693 400 78 Convention
2139 697 129 73 met
2310 697 64 73 at
2418 690 219 81 Bethel
2686 690 303 81 Primitive

154 793 238 78 Baptist
439 792 253 79 Church
744 792 55 79 in
852 792 366 79 McMahan,
1272 793 300 78 Caldwell
1621 793 271 78 County,
1944 808 82 63 on
2073 792 108 79 the
2226 790 321 81 weekend
2596 790 66 81 of
2704 790 108 81 the
2859 790 133 81 first

153 894 120 61 fifth
318 892 262 76 Sunday
624 892 57 76 in
721 892 109 76 the
871 892 235 78 spring.
1153 892 204 78 Bruce
1399 892 246 78 Coates
1686 891 207 79 called
1933 892 109 78 the
2082 891 267 79 session
2389 891 297 79 together
2725 895 64 75 at
2830 889 168 81 10:00

156 1011 121 43 a.m
414 991 255 78 leading
717 1008 171 61 song
940 1008 79 61 on
1072 1008 175 61 page
1294 991 195 78 395b.
1540 991 133 78 The
1723 991 283 78 opening
2058 1006 228 63 prayer
2329 1006 139 63 was
2520 990 99 79 led
2671 990 79 79 by
2802 990 64 79 B.
2922 988 64 81 E.

157 1092 360 61 Matthews.
582 1092 208 61 Bruce
850 1092 256 61 Coates
1164 1092 154 61 then
1380 1090 100 63 led
1540 1093 153 69 563;
1756 1090 64 72 B.
1887 1090 64 72 E.
2016 1090 345 72 Matthews
2418 1089 156 73 then
2634 1089 102 73 led
2797 1090 84 72 75
2941 1087 55 75 in

159 1207 282 60 memory
493 1191 66 76 of
613 1191 189 76 Elder
849 1191 175 76 John
1080 1191 249 76 Casey;
1383 1191 172 76 John
1614 1189 225 78 Baker,
1899 1189 100 78 led
2059 1191 145 76 143.
2266 1189 289 78 Leaders
2605 1204 177 63 were
2833 1188 154 79 then

157 1291 223 61 called:
426 1291 207 61 Wade
681 1291 198 70 Price,
928 1293 153 69 497;
1126 1291 279 78 Ophelia
1450 1291 358 78 Matthews,
1858 1293 151 76 447;
2059 1290 189 79 Peter
2293 1288 279 81 Nichols,
2628 1290 145 79 164;
2823 1288 168 81 Gary

159 1393 249 76 Rogan,
468 1392 157 78 456;
685 1390 274 79 Beverly
1018 1390 277 79 Coates,
1357 1392 111 78 82;
1525 1389 255 81 Gaylon
1840 1389 258 81 Powell,
2158 1390 157 79 203;
2376 1389 144 81 Don
2580 1387 201 82 Ross,
2841 1389 157 81 419;

156 1491 231 60 James
439 1489 276 72 Cranfill,
769 1491 154 70 361;
976 1489 220 72 Vivian
1254 1489 252 76 Rogan,
1561 1491 106 75 47;
1725 1489 138 76 Bea
1917 1488 253 78 Powell,
2226 1488 153 78 47b;
2436 1486 202 79 Lewis
2689 1486 297 79 Vaughn,

159 1591 147 69 521;
358 1588 156 72 Tom
568 1588 226 72 Owen,
852 1590 153 70 489;
1062 1588 193 75 Floyd
1311 1588 279 75 Screws,
1645 1588 108 75 32;
1804 1587 174 76 John
2034 1587 231 76 Beard,
2320 1587 151 76 384;
2529 1585 205 78 Frank
2788 1584 198 79 Price,

165 1690 142 69 127;
357 1687 210 72 Curtis
615 1687 228 72 Owen,
895 1689 151 70 400.

163 1786 291 60 RECESS.

378 1885 133 58 The
562 1884 331 60 chairman
948 1884 208 60 called
1207 1884 111 60 the
1368 1884 181 60 class
1599 1890 64 54 to
1714 1882 190 61 order
1954 1882 255 76 leading
2262 1897 171 61 song
2485 1896 79 63 on
2619 1896 175 63 page
2844 1882 151 76 488.

165 1983 304 60 Leaders:
526 1981 126 61 Leo
706 1983 228 69 Owen,
990 1981 156 70 45b;
1203 1981 172 70 Leon
1432 1980 334 76 Ballinger,
1822 1981 153 75 217;
2032 1980 279 76 Dorothy
2367 1978 199 78 Price,
2623 1980 106 76 84;
2785 1978 204 78 Owen

165 2080 192 70 Ross,
417 2082 147 69 168;
621 2079 195 72 Kevin
874 2079 253 72 Powell,
1185 2080 154 70 536;
1392 2077 210 73 Sarah
1657 2077 250 73 Coates
1962 2076 126 75 and
2145 2076 330 75 Elizabeth
2530 2076 252 75 Rogan,
2844 2077 145 73 142;

163 2178 205 60 Abbie
444 2178 250 70 Morris,
772 2181 157 67 500;
1003 2176 309 72 Amanda
1383 2176 234 72 Owen,
1692 2178 159 70 282;
1921 2175 306 73 Jennifer
2299 2173 259 76 Rogan,
2640 2175 153 75 110;
2865 2173 127 76 Joy

166 2277 336 78 Notgrass,
561 2278 154 76 358;
777 2275 298 79 Michelle
1132 2275 253 79 Rogan,
1446 2277 153 78 401;
1653 2274 130 81 Jeb
1836 2275 228 79 Owen,
2122 2274 153 81 376;
2335 2271 199 84 David
2596 2271 391 84 Polacheck,

163 2376 151 70 38b;
379 2376 67 70 Al
517 2376 283 76 Rogers,
871 2376 157 76 541;
1093 2373 279 79 Arnevis
1440 2373 264 79 Norton,
1773 2374 156 78 300;
1992 2371 175 81 John
2238 2370 247 82 Morris,
2551 2371 157 81 404;
2775 2368 220 84 Verna

166 2473 253 72 Powell,
484 2476 154 69 486.
703 2473 139 72 The
906 2472 327 73 business
1294 2470 276 75 session
1632 2485 144 60 was
1836 2470 156 75 then
2056 2469 171 76 held,
2290 2469 145 76 with
2497 2469 111 76 the
2668 2467 324 78 following

168 2572 255 60 officers
475 2572 285 60 elected:
817 2571 370 70 Chairman,
1249 2569 66 72 B.
1377 2569 63 72 E.
1501 2568 363 73 Matthews;
1920 2568 154 73 Vice
2128 2566 369 75 Chairman,
2553 2566 156 75 Tom
2763 2566 229 75 Owen;

168 2671 369 76 Secretary,
604 2671 178 76 John
855 2670 235 78 Baker;
1222 2668 334 79 Memorial
1627 2667 417 81 Committee,
2115 2665 157 82 Tom
2340 2665 208 82 Owen
2617 2664 130 84 and
2818 2664 175 84 Leon

169 2770 319 78 Ballinger.
535 2770 135 78 The
717 2769 283 79 morning
1045 2767 268 81 session
1356 2782 139 66 was
1537 2766 226 82 closed
1806 2764 139 84 with
1993 2766 199 82 Bruce
2238 2764 249 84 Coates
2532 2763 250 85 leading
2826 2779 168 69 song

168 2884 78 45 on
283 2886 168 61 page
487 2871 103 76 49.
628 2868 214 79 Judge
883 2868 138 79 Don
1063 2866 175 81 Ross
1272 2863 348 84 dismissed
1656 2863 136 84 with
1831 2878 238 69 prayer.

169 2967 390 60 DISMISSED
580 2967 154 60 FOR
756 2965 265 61 LUNCH.

369 3066 61 60 B.
486 3066 63 60 E.
603 3064 342 61 Matthews
994 3061 457 64 reassembled
1498 3060 108 66 the
1653 3060 336 66 afternoon
2037 3058 268 67 session
2356 3057 252 75 leading
2656 3072 211 60 songs
2916 3072 79 60 on

168 3180 211 61 pages
429 3163 132 78 31b
612 3163 129 78 and
793 3163 151 78 507.
1002 3160 313 81 Leaders:
1365 3159 126 82 Joe
1540 3159 228 82 Owen,
1822 3157 151 84 518;
2026 3156 264 85 George
2340 3154 235 87 Jones,
2634 3154 147 87 146;
2829 3153 168 88 Julie

171 3262 246 72 Michie,
486 3264 150 70 159;
697 3262 72 72 A.
832 3261 69 73 A.
967 3259 205 75 Smith
1234 3258 87 76 Jr.
1384 3258 153 76 434;
1600 3255 213 79 Sarah
1878 3255 253 79 Bryant,
2194 3255 154 79 335;
2413 3252 88 82 Ed
2565 3250 214 84 Craig,
2842 3253 153 81 440;

171 3361 337 78 Chapman
565 3360 246 79 Hanks,
868 3361 154 78 450;
1078 3355 264 84 Mildred
1399 3352 352 87 Edmonds,
1813 3354 148 85 136;
2019 3351 205 88 Nobie
2278 3349 222 90 Smith,
2563 3351 147 88 192;
2761 3348 237 91 James

166 3459 226 72 Jones,
442 3462 153 69 274;
649 3459 183 72 Doris
883 3456 240 75 Hanks,
1174 3457 153 73 355;
1380 3451 139 79 Myrl
1567 3451 231 79 Jones,
1854 3451 147 79 189;
2052 3448 169 82 Kelly
2271 3447 226 84 Beard,
2548 3447 196 84 368b;
2796 3447 204 84 Diane

172 3558 193 73 Ross,
426 3561 156 70 235;
645 3558 183 73 Edith
940 3555 229 76 Owen,
1233 3555 154 76 283;
1449 3549 201 82 Hazel
1707 3549 237 82 Jones,
2011 3549 150 82 180;
2223 3547 274 84 Lawson
2557 3546 226 85 Smith,
2845 3547 154 84 358;

172 3657 238 61 Martha
454 3658 337 76 Notgrass,
840 3657 151 78 277;
1041 3652 174 82 Myra
1258 3651 265 84 Palmer,
1570 3649 148 85 297.
1765 3646 135 88 The
1942 3645 325 90 chairman
2314 3643 207 91 asked
2565 3643 133 91 that
2740 3643 261 91 George

166 3757 208 60 Jones
421 3757 144 78 sing
618 3772 40 63 a
703 3771 171 64 song
925 3753 222 82 during
1197 3757 375 78 tomorrows
1620 3745 327 90 memorial
1996 3744 253 91 service
2338 3744 96 91 for
2478 3742 193 93 those
2718 3742 135 93 that
2901 3759 109 76 are

169 3856 129 61 sick
333 3858 126 60 and
495 3858 151 60 shut
684 3856 73 61 in.

171 3955 292 63 RECESS.

382 4057 138 60 The
571 4054 334 63 chairman
957 4050 211 67 called
1218 4048 111 69 the
1380 4047 181 70 class
1609 4044 303 76 together
1960 4041 255 79 leading
2266 4056 171 64 song
2488 4054 84 66 on
2623 4056 177 64 page
2856 4042 144 78 101.

171 4155 306 61 Leaders:
535 4152 274 64 Randall
870 4152 343 75 Notgrass,
1275 4149 105 78 63;
1432 4144 172 82 Julia
1657 4143 393 84 Armstrong,
2109 4141 153 85 288;
2320 4138 138 88 Bob
2514 4137 277 90 Farmer,
2848 4140 154 87 293;

169 4254 237 63 Emmie
457 4254 241 72 Morris,
751 4254 105 72 61;
909 4248 237 78 Leland
1192 4246 228 79 Owen,
1470 4245 151 81 285;
1672 4240 147 85 Mrs.
1870 4239 300 87 Spencer
2211 4237 243 88 Taylor,
2505 4236 66 90 of
2616 4236 136 90 Red
2806 4237 193 88 Rock,

165 4353 207 63 Texas
442 4354 153 61 read
633 4369 81 46 an
754 4348 253 79 original
1045 4362 193 66 poem
1305 4345 132 82 that
1471 4342 123 85 she
1629 4338 360 90 composed
2029 4338 52 90 in
2125 4338 184 90 1944.

1162 4443 201 63 FIFTH
1389 4438 306 67 SUNDAY
1714 4437 309 69 SINGING

1044 4545 145 63 Fifth
1216 4542 262 76 Sunday
1501 4555 139 63 was
1663 4554 40 64 a
1728 4536 252 82 Special
2007 4536 135 82 Day

1104 4645 250 76 Mongst
1380 4641 157 81 folks
1566 4639 12 82 I
1608 4636 159 85 used
1794 4644 63 78 to
1882 4636 196 85 know;

1549 4743 84 57 55
