3150 4950
153 159 153 70 page
349 144 87 85 69
480 145 97 84 for
621 150 111 79 the
775 154 252 81 closing
1075 175 189 64 song,
1317 165 126 75 and
1489 166 106 73 the
1639 166 181 73 class
1864 180 138 60 was
2046 162 354 78 dismissed
2446 162 139 78 with
2632 175 226 64 prayer
2902 159 79 81 by

156 243 208 69 Lonnie
399 243 274 81 Rogers.

157 345 345 72 Chairman,
561 345 187 72 Rosa
801 352 297 81 Hughes;
1150 358 154 75 Vice
1356 363 366 70 Chairman,
1779 360 235 73 Lonnie
2067 358 277 76 Rogers;
2395 357 364 78 Secretary,
2817 355 172 79 Mary

159 450 286 63 Florence
487 445 228 67 Smith.

438 549 375 87 MOUNT
843 558 402 84 MORIAH
1281 562 492 81 PRIMITIVE
1809 558 417 85 BAPTIST
2253 556 432 87 CHURCH

1155 690 166 58 Near
1344 690 217 58 Snead
1590 687 393 61 Crossroads

1263 787 277 60 October
1563 789 100 67 22,
1698 787 163 69 1989

316 879 129 60 The
484 877 237 61 annual
763 879 250 63 Sacred
1059 883 169 76 Harp
1266 885 261 76 Singing
1572 883 142 78 held
1756 888 63 73 at
1861 882 216 79 Mount
2116 879 237 82 Moriah
2398 877 301 84 Primitive
2743 876 241 85 Baptist

169 978 225 66 Church
436 993 139 51 was
619 978 210 66 called
874 985 64 58 to
984 982 190 61 order
1216 984 78 73 by
1341 984 277 73 Carmon
1666 981 298 76 Brothers
2011 979 253 78 leading
2311 993 168 64 song
2526 991 84 66 on
2656 990 174 67 page
2875 976 103 81 59.

168 1081 115 60 The
328 1075 276 76 morning
652 1092 231 60 prayer
924 1093 144 58 was
1116 1080 99 72 led
1264 1081 78 72 by
1392 1080 184 73 Elder
1615 1080 58 73 J.
1720 1078 79 75 O.
1851 1077 309 76 Handley.
2211 1075 279 78 Carmon
2541 1074 301 79 Brothers
2889 1071 100 82 led

169 1192 148 60 song
363 1189 84 63 on
496 1189 175 63 page
721 1173 151 79 79b.
925 1174 139 78 The
1111 1176 184 76 class
1342 1191 141 61 was
1534 1174 355 78 organized
1938 1174 97 78 for
2079 1173 109 79 the
2235 1173 130 79 day
2413 1171 82 81 by
2542 1170 282 82 electing
2875 1168 109 84 the

171 1273 282 78 following
501 1272 277 79 officers:
828 1272 366 79 Chairman,
1245 1273 279 78 Carmon
1573 1273 321 78 Brothers;
1941 1272 154 79 Vice
2140 1270 366 81 Chairman,
2551 1269 58 82 J.
2662 1267 57 84 L.
2766 1267 216 84 Oden;

174 1375 333 72 Secretary,
558 1371 198 76 Hazel
807 1371 324 76 Brothers;
1179 1372 348 76 Arranging
1578 1371 405 78 Committee,
2031 1371 57 78 J.
2137 1369 76 79 O.
2269 1369 309 79 Handley.
2674 1366 307 82 Leaders:

172 1474 46 61 J.
256 1474 70 61 0.
373 1471 459 76 Handley,147.
877 1471 57 76 J.
984 1471 57 76 L.
1086 1471 211 76 Oden,
1342 1471 151 76 39b,
1539 1473 108 75 47;
1693 1471 223 76 Lamar
1957 1468 219 79 Smith,
2223 1470 150 78 343,
2419 1467 150 81 76b;
2619 1465 183 82 Elder
2845 1465 138 82 Dee

175 1572 250 78 Phillips,
484 1572 271 78 482,89;
808 1570 231 79 Jethro
1095 1570 253 79 Collett,
1413 1572 147 78 138,
1620 1572 154 78 499;
1828 1569 337 81 Jonathan
2226 1567 330 82 Blakeley,
2614 1567 154 82 314,
2833 1566 148 84 128;

175 1671 153 63 Alice
388 1669 391 72 Washburn,
849 1672 105 69 61,
1021 1672 157 69 313;
1243 1669 184 78 Virgil
1498 1668 261 79 Phillips
1824 1669 130 78 and
2023 1666 276 81 Randall
2365 1665 228 82 Smith,
2661 1665 322 82 454,137;

178 1771 207 60 Rhoda
430 1770 228 70 Norris,
711 1771 148 69 403,
910 1771 151 69 318,
1116 1768 150 76 Kyle
1318 1768 318 76 Blakeley,
1689 1770 150 75 294,
1891 1770 103 75 56.

180 1870 268 61 RECESS.

316 1969 126 60 The
480 1969 177 60 class
691 1984 139 45 was
867 1968 204 61 called
1108 1975 63 54 to
1212 1968 183 61 order
1428 1968 81 75 by
1546 1968 274 75 Carmon
1864 1966 294 76 Brothers
2197 1965 249 78 leading
2485 1980 168 63 song
2694 1978 79 64 on
2815 1977 169 66 page

178 2070 129 58 235.
361 2068 304 60 Leaders:
723 2067 268 61 Randall
1047 2067 223 70 Smith,
1326 2067 151 70 36b;
1534 2067 159 70 Fred
1750 2065 265 72 Battles,
2071 2067 105 70 39,
2233 2065 106 72 67;
2395 2062 210 75 Henry
2656 2061 325 76 Johnson,

183 2169 129 67 144,
382 2169 154 67 445;
613 2166 201 70 Linda
883 2166 319 70 Thomas,
1279 2167 106 69 43,
1468 2167 150 69 171;
1689 2164 222 72 Jason
1986 2163 264 73 Cuzart,
2326 2163 156 73 274,
2556 2161 159 75 490;
2791 2158 196 78 Lydia

180 2265 271 70 Baswell,
507 2266 154 69 418,
726 2266 150 69 124;
936 2265 177 75 Mary
1168 2265 259 75 Cuzart,
1486 2265 318 75 400,401;
1857 2262 60 78 J.
1974 2262 57 78 J.
2095 2260 325 79 Brothers,
2479 2260 157 79 335;
2695 2256 163 84 Unie
2917 2256 66 84 B.

183 2362 258 72 Howard,
487 2365 103 69 48,
636 2365 153 69 317;
837 2362 184 72 Elder
1059 2362 57 72 J.
1162 2362 78 72 O.
1290 2362 306 73 Handley,
1650 2362 142 73 146.

183 2461 364 58 DISMISSED
571 2461 151 60 FOR
745 2461 262 60 LUNCH.

312 2559 126 60 The
472 2560 177 58 class
687 2560 300 58 resumed
1026 2559 244 76 singing
1308 2559 136 76 with
1483 2559 273 76 Carmon
1798 2556 292 79 Brothers
2130 2553 246 82 leading
2415 2566 207 69 songs
2658 2566 81 69 on
2778 2565 208 70 pages

183 2658 154 58 145b
388 2659 124 58 and
570 2661 153 57 358.
784 2658 315 60 Leaders:
1161 2658 132 60 Ella
1351 2658 127 60 Lee
1539 2655 361 67 Robinson,
1965 2653 310 69 176,373;
2332 2649 225 73 Arville
2614 2647 370 75 Hyatt,460,

180 2755 133 70 376;
372 2755 159 75 Hoyt
589 2757 309 73 Renfroe,
960 2757 153 73 299,
1180 2757 148 73 112;
1392 2754 172 76 Nora
1623 2752 250 78 Collett,
1935 2754 108 76 30;
2106 2748 228 82 Pearly
2394 2745 376 85 Galbreath,
2838 2745 148 85 159;

183 2851 196 63 Marlin
448 2854 310 76 Beasley,
829 2857 154 73 213,
1054 2856 159 75 204;
1279 2853 219 78 Jason
1569 2850 207 81 Ritch,
1845 2848 322 82 388,153;
2238 2845 216 85 Milton
2521 2842 238 88 Oliver,
2836 2842 148 88 172,

180 2953 133 72 222;
363 2953 183 72 Ester
591 2955 174 70 Wall,
817 2956 153 69 224,
1029 2955 148 70 168;
1230 2952 175 73 Cecil
1458 2949 307 76 Gilliland,
1818 2950 151 75 300,
2022 2947 153 78 208;
2229 2941 301 84 Deborah
2583 2940 199 85 Ritch,
2835 2941 150 84 220,

180 3052 175 72 385b;
405 3054 166 70 Vera
624 3054 324 75 Blakeley,
1003 3055 153 73 348;
1213 3051 150 78 Lula
1416 3051 255 78 Lowery
1722 3046 129 82 and
1902 3045 270 84 Thelma
2223 3040 361 88 Murphree,
2644 3040 144 88 143,
2844 3040 151 88 434;

183 3150 187 79 Herby
429 3153 237 76 Bailey,
732 3156 148 73 100,
939 3154 154 75 378,
1155 3153 109 76 88;
1324 3150 279 79 Annette
1659 3145 310 84 Watkins,
2031 3144 154 85 340;
2245 3141 228 88 Lamar
2527 3138 127 91 and
2718 3136 270 93 Randall

181 3249 195 75 Smith,
423 3252 339 72 "Beautiful
811 3252 222 72 Land";
1081 3250 280 73 Carmon
1410 3246 316 78 Brothers,
1774 3246 103 78 83.
1927 3243 276 81 Carmon
2253 3237 295 87 Brothers
2595 3235 126 88 and
2769 3235 220 88 Elders

181 3348 120 63 Dee
336 3351 246 79 Phillips
618 3352 126 78 and
778 3352 58 78 J.
876 3351 78 79 O.
997 3349 286 81 Handley
1323 3346 100 84 led
1459 3361 166 69 song
1663 3358 82 72 on
1783 3357 172 73 page
1992 3340 85 90 45
2112 3337 93 93 for
2238 3336 106 94 the
2377 3334 243 96 closing
2658 3349 169 81 song
2865 3333 124 97 and

181 3447 90 63 the
309 3451 174 60 class
520 3468 139 45 was
700 3448 355 64 dismissed
1096 3447 141 66 with
1281 3459 226 64 prayer
1545 3442 78 81 by
1668 3441 181 82 Elder
1891 3438 136 85 Dee
2071 3433 268 90 Phillips.

183 3546 337 76 Chairman,
574 3552 280 70 Carmon
909 3547 322 75 Brothers;
1282 3544 153 78 Vice
1485 3540 361 82 Chairman,
1896 3535 55 87 J.
2007 3535 55 87 L.
2112 3532 214 90 Oden;
2377 3531 361 91 Secretary,
2794 3529 195 93 Hazel

183 3645 322 66 Brothers.

793 3747 528 85 ROSEDALE
1348 3736 594 96 COMMUNITY
1965 3732 403 100 SINGING

1188 3868 412 64 Tuscaloosa,
1630 3862 321 70 Alabama.

1281 3964 277 60 October
1581 3963 100 67 29,
1716 3960 163 70 1989

318 4077 127 63 The
486 4078 252 78 regular
769 4074 126 82 fifth
936 4068 268 88 Sunday
1240 4060 246 96 Sacred
1527 4060 168 96 Harp
1729 4054 259 102 Singing
2056 4068 139 88 was
2232 4051 142 105 held
2412 4056 66 100 at
2509 4050 106 106 the
2656 4050 141 106 Lion
2836 4050 160 106 Club

178 4173 381 81 Community
607 4177 244 76 Center
898 4171 54 82 in
1000 4164 432 90 Tuscaloosa,
1480 4158 333 96 Alabama.
1863 4153 133 100 The
2041 4150 181 103 class
2266 4165 138 88 was
2449 4149 204 105 called
2701 4155 63 99 to
2811 4150 186 103 order

177 4270 66 79 by
282 4275 90 75 Dr.
421 4278 219 72 Levert
685 4267 235 82 Howell
966 4263 252 87 leading
1261 4273 168 76 song
1473 4270 79 79 on
1596 4267 171 82 page
1807 4252 103 97 30.
1954 4248 132 102 The
2130 4246 279 103 morning
2452 4263 225 87 prayer
2712 4263 139 87 was
2895 4248 96 102 led

175 4371 66 79 by
285 4377 235 81 Rupert
564 4368 402 90 Yarbrough.
1017 4363 222 94 Levert
1285 4354 234 103 Howell
1564 4353 151 105 then
1765 4348 99 109 led
1912 4363 165 94 song
2125 4362 81 96 on
2254 4362 172 96 page
2473 4345 145 112 68b.
2710 4345 282 112 Leaders

172 4486 174 52 were:
391 4476 226 63 Jewell
670 4473 295 66 Deason,
1021 4462 145 76 137,
1216 4459 108 79 87;
1375 4455 220 84 Elman
1645 4450 286 88 Howton,
1986 4447 187 91 1112,
2223 4447 151 91 416;
2422 4444 243 94 Alzone
2713 4446 276 93 Malone,

172 4573 133 76 300,
369 4581 157 69 432;
592 4572 189 78 Ruby
846 4561 283 88 Phillips,
1192 4557 154 93 331,
1410 4551 199 99 345b;
1675 4548 240 102 Rupert
1974 4545 400 105 Yarbrough,
2439 4546 103 103 61,
2605 4546 156 103 274;
2824 4546 175 103 Cecil

172 4672 277 69 Sanders
517 4675 153 67 512;
718 4669 223 73 Peggy
987 4660 337 82 Bergman,
1371 4654 147 88 460,
1566 4650 150 93 560;
1798 4644 285 99 Leonard
2125 4644 126 99 and
2299 4642 247 100 Maxine
2592 4644 180 99 Lacy,
2817 4647 148 96 290,

1533 4749 105 58 161
