3174 4965
181 148 297 69 RECESS.

340 253 132 63 The
510 259 177 61 class
721 277 139 46 was
895 265 204 60 called
1137 273 64 54 to
1237 268 184 60 order
1456 268 79 76 by
1567 268 228 76 Jimmy
1834 270 268 75 Denney
2140 267 252 78 leading
2431 280 211 64 songs
2682 277 82 67 on
2805 277 196 67 pages

180 351 84 60 64
319 355 129 60 and
505 358 106 60 48.
675 360 312 64 Leaders:
1047 364 235 76 Evelyn
1342 367 234 73 Harris,
1635 370 105 70 63,
1804 370 147 70 159,
2013 367 192 75 Barry
2263 366 244 76 Rollins
2566 361 130 81 and
2752 361 246 81 Joseph

181 448 306 78 Lovvorn,
556 459 147 70 153,
768 462 153 70 358;
987 462 33 70 I.
1083 462 70 70 V.
1218 465 417 72 McWhorter,
1698 468 151 69 313,
1914 468 153 69 426;
2131 465 213 72 Karen
2409 462 267 75 Rollins,
2743 460 258 76 Karleen

177 547 324 78 Williams,
564 556 202 78 Paige
823 559 264 75 Harrod,
1149 562 237 75 Sherry
1443 564 283 73 Lovvorn
1783 564 129 73 and
1971 565 277 72 Denney
2305 562 282 76 Rogers,
2646 561 151 78 222,
2856 565 135 73 489,

177 646 153 73 405;
390 651 148 76 Floy
594 655 250 72 Wilder,
903 660 151 69 227,
1119 660 148 70 195;
1326 660 145 70 Lisa
1524 661 228 72 Webb,
1810 664 151 69 200,
2020 664 108 69 56;
2182 661 61 72 J.
2307 660 58 73 L.
2428 660 204 76 Edge,
2697 661 144 75 139,
2896 666 96 72 29;

180 744 270 66 Mozelle
499 751 361 79 Sheppard,
912 757 147 73 343,
1114 757 144 73 108.

180 843 393 67 DISMISSED
597 852 151 60 FOR
771 852 262 61 LUNCH.

327 945 135 61 The
495 949 178 60 class
705 966 139 43 was
879 952 202 58 called
1117 954 289 75 together
1440 955 79 75 by
1555 957 64 73 B.
1660 957 76 73 M.
1777 957 195 73 Smith
2011 957 249 76 leading
2298 970 168 63 song
2503 972 81 61 on
2623 972 169 63 page
2830 961 112 73 112
2974 1014 9 21 .

178 1041 304 64 Leaders:
528 1047 211 60 Oscar
784 1048 315 73 McGuire,
1146 1053 148 69 336,
1339 1053 150 70 371;
1536 1054 139 69 Carl
1722 1053 286 79 Hughes,
2056 1057 150 75 542;
2256 1054 306 78 Beverely
2610 1054 229 78 Rollins
2881 1062 108 70 and

175 1138 222 63 Susan
445 1143 300 73 Lovvorn,
793 1147 148 70 480,
991 1150 148 67 268.
1188 1149 135 69 The
1369 1152 321 66 memorial
1741 1152 225 66 lesson
2007 1168 142 49 was
2197 1153 145 64 held
2386 1153 141 64 with
2578 1153 159 64 Ruth
2784 1156 196 66 Brown

177 1237 252 81 leading
474 1243 129 75 68b
643 1245 127 73 and
813 1248 130 70 285
987 1246 55 72 in
1089 1261 280 61 memory
1411 1249 64 73 of
1516 1249 145 73 Mrs.
1710 1249 64 73 E.
1821 1251 72 72 C.
1941 1251 258 72 Bowen,
2247 1252 135 75 Ray
2421 1252 225 75 Taylor
2683 1255 123 72 and
2850 1257 127 70 Mrs.

177 1336 126 60 Lee
346 1339 232 61 Jones.
636 1341 232 61 Lonnie
919 1344 252 76 Rogers
1221 1345 99 75 led
1366 1347 118 73 341
1545 1348 126 72 and
1719 1348 129 72 345
1899 1348 54 72 in
2002 1363 285 61 memory
2335 1350 66 75 of
2448 1351 130 73 Ben
2626 1351 195 78 Avery
2868 1357 109 72 and

177 1432 205 79 Ralph
436 1437 229 75 Wood.
727 1440 208 72 Karen
996 1441 261 72 Rollins,
1317 1443 276 70 Karleen
1647 1444 325 73 Williams,
2032 1446 202 78 Paige
2292 1447 243 76 Harrod
2590 1452 127 72 and
2772 1453 211 79 Sherry

175 1531 282 61 Lovvorn
513 1536 102 58 led
672 1539 124 57 143
847 1537 94 58 for
993 1539 240 75 Dewey
1285 1540 220 73 Nixon.
1563 1542 118 72 For
1728 1543 78 70 all
1855 1545 111 69 the
2016 1545 139 69 sick
2205 1546 126 67 and
2385 1546 151 67 shut
2584 1581 21 33 -
2658 1549 114 72 ins,
2821 1552 154 69 Alice

177 1627 309 63 Edwards
540 1633 99 58 led
696 1635 144 58 104.
897 1635 312 60 Leaders:
1263 1638 207 75 Henry
1524 1639 165 73 Kerr,
1743 1642 148 70 280,
1945 1644 153 69 295;
2151 1642 258 70 William
2463 1644 327 73 Headrick,
2845 1651 126 70 110,

172 1728 154 70 215;
388 1729 187 76 Hugh
637 1731 316 75 McGraw,
1015 1734 154 72 567;
1231 1734 283 72 Carlene
1572 1737 237 72 Griffin,
1872 1740 153 70 511;
2088 1740 298 70 Everette
2446 1743 289 76 Denney,
2794 1749 175 70 569b,

172 1827 153 70 276;
382 1827 208 70 Diane
640 1830 226 75 Avery,
921 1833 151 72 300,
1128 1833 196 72 312b.

175 1923 298 63 RECESS.

391 2025 237 61 Lonnie
679 2026 255 79 Rogers
982 2029 208 76 called
1239 2031 111 75 the
1396 2031 181 75 class
1626 2034 298 78 together
1971 2034 253 79 leading
2272 2053 169 61 song
2493 2055 81 60 on
2623 2056 168 61 page
2836 2044 130 73 389.

175 2122 315 60 Leaders:
552 2124 330 61 Charlene
937 2127 310 72 Wallace,
1309 2130 154 70 392;
1525 2130 159 70 Eula
1735 2131 328 73 Johnson,
2124 2137 153 69 340;
2340 2134 160 72 Dula
2554 2137 222 73 Webb,
2833 2143 135 69 460;

175 2218 217 63 Felton
448 2221 292 76 Denney,
799 2224 193 73 147b;
1045 2226 268 72 Shelton
1365 2227 408 73 Williamson,
1831 2233 145 69 189;
2029 2230 255 72 Carlton
2332 2233 223 73 Wood,
2608 2239 148 69 457;
2808 2239 163 69 Elder

174 2317 238 63 Homer
459 2322 129 60 and
639 2322 343 61 Katherine
1033 2325 352 73 Benefield,
1440 2328 192 72 111b;
1684 2329 132 70 Eris
1867 2331 207 70 Muse,
2124 2334 150 69 490;
2326 2332 255 70 Mildred
2632 2335 331 75 Patterson,

171 2419 151 70 47b;
370 2419 280 70 Bernard
697 2422 289 75 Denney,
1038 2424 190 73 145b;
1275 2425 172 76 Mary
1491 2427 124 75 Lou
1660 2428 222 76 Cagle,
1933 2431 124 73 168
2098 2430 94 75 for
2235 2431 216 73 Daniel
2497 2433 280 72 Hudson.
2821 2436 148 69 After

172 2526 585 66 announcements,
801 2518 232 73 Lonnie
1074 2523 249 78 Rogers
1362 2524 126 76 and
1528 2526 63 75 B.
1636 2526 76 75 M.
1755 2527 196 73 Smith
1993 2527 96 73 led
2130 2545 171 61 page
2335 2530 129 76 414
2502 2547 78 60 as
2616 2532 105 75 the
2754 2533 216 79 closing

171 2631 189 63 song.
454 2619 142 75 Billy
640 2619 127 75 Joe
816 2620 207 73 Harris
1071 2622 351 72 dismissed
1465 2623 139 70 with
1651 2640 243 63 prayer.

172 2715 367 73 Chairman,
597 2718 238 70 Lonnie
886 2719 276 78 Rogers;
1213 2721 154 76 Vice
1417 2721 366 76 Chairman,
1837 2725 66 72 B.
1957 2725 79 72 M.
2089 2727 222 70 Smith;
2364 2727 357 76 Secretary,
2772 2730 190 73 Vivian

172 2814 274 79 Rogers.

174 2920 477 81 MISSOURI
685 2920 309 81 STATE
1027 2920 645 84 CONVENTION
1699 2926 207 79 AND
1939 2926 399 84 FOURTH
2370 2929 574 82 COMMUNITY

1384 3054 403 82 SINGING

1029 3178 435 78 Murphy-Blair
1486 3181 387 76 Community
1899 3183 246 75 Church

1320 3279 205 60 March
1558 3282 94 67 11,
1687 3282 163 67 1989

330 3376 135 58 The
502 3376 250 58 second
793 3376 231 60 annual
1068 3375 286 61 Missouri
1395 3375 243 61 Sacred
1678 3378 166 76 Harp
1882 3379 397 75 Convention
2320 3385 127 69 and
2487 3385 219 69 Fourth
2743 3382 216 72 Annual

166 3472 399 75 Community
610 3472 258 76 Singing
912 3489 141 60 was
1092 3472 205 76 called
1339 3480 64 69 to
1447 3474 183 75 order
1671 3481 61 67 at
1777 3478 192 70 10:00
2013 3493 40 55 a
2097 3495 57 54 m
2199 3480 78 75 by
2322 3481 166 76 Gary
2533 3484 271 73 Gronau.
2847 3481 114 76 The

166 3571 277 76 morning
483 3585 225 64 prayer
738 3585 136 64 was
913 3570 97 79 led
1048 3570 79 79 by
1164 3570 303 79 Kathleen
1503 3570 177 79 Thro.
1720 3571 166 78 Gary
1921 3574 259 75 Gronau
2220 3579 99 70 led
2355 3595 165 61 song
2560 3597 79 60 on
2677 3597 162 61 page
2872 3580 85 78 59.

166 3669 283 61 Leaders
495 3684 171 46 were
712 3667 226 63 called:
990 3667 237 63 Marcia
1264 3667 322 70 Johnson,
1633 3670 153 69 217;
1836 3670 102 69 Bill
1984 3672 310 75 Coalson,
2344 3679 58 69 4,
2454 3679 207 76 Ginny
2706 3679 118 76 Ely,
2871 3678 88 78 99;

165 3766 288 61 Melanie
528 3765 216 70 Hauff,
820 3766 157 69 528;
1053 3765 274 75 Presley
1402 3763 262 76 Barker,
1738 3769 159 70 203;
1968 3769 207 70 Janet
2248 3774 345 75 Fraembs,
2670 3778 106 70 47;
2848 3775 112 73 Lee

162 3865 388 69 Steinmetz,
618 3865 156 69 236;
838 3862 174 72 John
1080 3861 217 73 Gurtz,
1371 3862 150 72 171;
1582 3864 124 70 Jim
1776 3865 207 78 Page,
2050 3871 108 72 26,
2227 3871 135 72 Ted
2428 3874 331 72 Johnson,
2824 3874 135 72 542;

162 3963 310 63 Kathleen
522 3961 244 76 Kuiper,
814 3963 150 75 384;
1011 3958 133 79 Ted
1191 3960 261 78 Mercer,
1503 3963 103 75 67;
1653 3961 250 76 Connie
1950 3966 309 73 Karduck,
2307 3973 153 69 335;
2509 3973 181 69 Dean
2739 3975 219 67 Slaton,

157 4063 150 69 532;
357 4060 138 72 Bob
541 4057 445 76 Borcherding,
1039 4060 144 73 155;
1225 4057 126 76 Jan
1399 4056 259 78 Ketelle,
1711 4060 147 73 180;
1906 4062 312 72 Kathleen
2263 4068 180 72 Thro,
2491 4074 153 70 480;
2691 4071 268 78 Stephen

156 4161 295 73 O'Leary,
502 4159 153 75 383;
709 4155 196 79 David
955 4155 69 79 C.
1080 4155 277 79 Barford,
1407 4156 148 78 273.

159 4257 295 64 RECESS.

318 4356 133 60 The
489 4354 177 61 class
706 4351 300 64 resumed
1045 4350 246 78 singing
1326 4351 139 76 with
1504 4351 166 76 Gary
1708 4351 258 76 Gronau
2008 4356 250 81 leading
2298 4377 168 64 song
2506 4381 82 60 on
2629 4383 172 63 page
2836 4365 129 81 38b.

156 4455 312 64 Leaders:
534 4452 216 67 Debra
810 4449 283 70 Barford,
1155 4450 153 69 340;
1371 4447 240 72 Marcia
1666 4450 328 75 Johnson,
2056 4458 157 70 440;
2277 4459 102 69 Bill
2445 4462 316 76 Coalson,
2824 4465 136 73 358;

153 4555 204 73 Ginny
406 4552 124 76 Ely,
579 4551 153 78 299;
783 4546 274 82 Melanie
1105 4546 202 82 Hauff,
1356 4548 153 81 224;
1552 4548 241 81 Janeat
1840 4549 331 79 Fraembs,
2223 4558 151 70 68b;
2425 4560 127 69 Lee
2601 4564 358 70 Steinmetz,

150 4656 150 67 452;
343 4650 169 73 John
558 4648 192 75 Gurtz
795 4645 124 78 and
966 4644 267 79 Collette
1278 4644 204 79 Miller,
1528 4647 150 76 288;
1720 4647 121 76 Jim
1890 4648 180 79 Page
2116 4651 100 76 led
2262 4654 97 73 his
2406 4669 480 72 arrrangement

1519 4746 82 55 28
