3174 4965
187 166 99 63 led
339 174 130 61 285
523 178 126 60 and
702 181 130 60 445
883 183 93 60 for
1026 183 76 61 all
1152 186 111 60 the
1311 186 139 61 sick
1500 187 127 60 and
1678 187 304 61 shut-ins.
2038 184 313 64 Leaders:
2407 180 249 69 Bonnie
2712 177 279 81 Flowers,

183 268 153 73 344,
397 274 151 72 467,
609 279 112 70 47;
777 277 136 72 Jeff
967 282 370 79 Sheppard,
1398 286 154 75 439,
1612 288 153 73 303,
1825 286 153 75 358;
2043 282 178 79 Dixie
2281 277 489 84 Cauaunaugh,
2833 279 165 82 Pearl

187 366 385 69 McWhorter
616 378 126 60 and
790 379 268 61 Mozelle
1104 381 360 79 Sheppard,
1515 385 144 75 147,
1705 385 151 75 537;
1902 381 336 79 Raymond
2287 378 291 82 Hamrick
2625 379 142 81 113,
2814 381 175 79 448b;

184 465 189 64 Sheri
444 469 232 78 Webb,
748 477 202 73 4406,
1023 481 154 70 309,
1249 483 157 69 367;
1479 481 151 76 Billy
1696 481 132 76 Joe
1899 478 267 79 Harris,,
2239 480 109 78 40,
2421 478 156 79 373,
2650 478 109 79 45;
2829 478 159 79 Alice

187 564 331 78 Edwards,
580 574 198 72 569b,
841 580 153 67 565;
1057 577 174 76 Mary
1291 580 60 73 F.
1414 579 225 75 Smith,
1699 582 153 72 378,
1914 580 153 73 426,
2130 579 109 75 75;
2301 576 240 78 Evelyn
2604 576 231 78 Harris,
2892 583 91 72 82,

184 664 102 70 63,
346 667 147 72 106;
547 670 171 69 Dura
768 672 367 73 Blackmon,
1194 678 144 69 129,
1396 679 144 67 168,
1599 678 144 69 186.
1797 675 168 72 After
2014 675 108 72 the
2175 679 592 67 announcements,
2821 676 162 82 Hugh

186 759 289 67 McGraw
511 766 99 61 led
648 784 165 63 song
852 787 81 60 on
970 787 172 61 page
1179 775 127 73 288
1342 790 78 58 as
1456 774 108 75 the
1599 774 241 76 closing
1878 789 184 61 song.
2104 771 133 79 The
2274 771 178 79 class
2485 787 139 63 was
2659 771 322 79 dismissed

180 859 141 61 with
367 879 228 61 prayer
639 867 78 76 by
766 867 184 76 Elder
988 870 58 73 J.
1092 868 57 75 J.
1198 871 336 72 Aderhold.

183 957 363 78 Chairman,
600 964 184 78 Hugh
835 967 310 75 McGraw;
1195 969 154 73 Vice
1396 967 361 75 Chairman,
1813 969 183 73 Elder
2037 967 57 75 J.
2143 969 58 73 J.
2251 969 342 73 Aderhold;
2641 972 334 81 Secretary,

183 1054 316 64 Charlene
535 1060 295 61 Wallace.

321 1161 507 82 PLEASANT
855 1165 201 78 HILL
1083 1164 418 84 CHURCH
1534 1167 502 99 (JOHNSON
2067 1168 411 97 SCHOOL
2506 1171 358 103 HOUSE)

1156 1291 250 75 Fayette
1434 1293 256 76 County,
1720 1291 321 78 Alabama.

1350 1390 165 61 June
1546 1393 94 69 11,
1675 1393 163 69 1989

351 1482 135 60 The
526 1485 232 60 annual
799 1486 247 60 Sacred
1089 1485 168 79 Harp
1294 1488 258 79 Singing
1596 1497 61 70 at
1696 1491 304 76 Pleasant
2041 1491 103 76 Hill
2181 1509 138 58 was
2359 1495 201 72 called
2599 1503 63 64 to
2700 1500 172 67 order
2905 1501 66 76 by

180 1578 130 60 Tim
369 1579 282 63 Gilmore
708 1582 258 79 leading
1021 1600 172 63 song
1251 1602 82 61 on
1390 1602 174 63 page
1618 1590 108 75 30.
1786 1588 301 76 Harrison
2145 1591 189 73 Creel
2391 1593 100 72 led
2545 1594 108 70 the
2710 1599 258 79 morning

181 1692 246 61 prayer.
478 1678 130 75 Tim
660 1680 277 73 Gilmore
985 1683 153 70 then
1191 1684 100 69 led
1341 1701 169 61 song
1560 1702 81 60 on
1690 1704 174 61 page
1911 1689 148 76 36b.
2113 1690 132 75 The
2292 1692 180 73 class
2520 1695 339 76 organized
2902 1698 67 76 by

180 1774 283 81 electing
525 1777 112 78 the
694 1779 322 79 following
1078 1782 288 76 officers;
1429 1783 369 75 Chairman,
1861 1786 129 72 Tim
2052 1788 304 73 Gilmore;
2415 1791 156 70 Vice
2631 1792 340 76 Chairman,

183 1873 243 61 Robert
481 1876 325 78 Aldridge;
868 1879 369 76 Secretary,
1296 1882 174 73 Joan
1528 1884 321 79 Aldridge;
1908 1887 349 79 Arranging
2317 1890 405 76 Committee,
2784 1894 186 72 Elmer

181 1971 253 61 Conwill
480 1975 123 58 and
645 1975 169 61 John
859 1977 196 75 Hyde.
1101 1978 127 73 Tim
1273 1980 270 72 Gilmore
1588 1983 96 69 led
1728 1998 163 64 song
1936 2002 79 60 on
2058 2002 171 61 page
2271 1990 99 73 40.
2419 1989 295 75 Leaders:
2758 1992 208 72 Robert

178 2068 322 78 Aldridge,
565 2074 150 72 137;
772 2073 222 73 Travis
1051 2076 270 72 Keeton,
1383 2082 103 67 99,
1545 2083 153 67 299;
1758 2082 199 69 Roxie
2016 2083 268 72 Keeton,
2344 2089 148 67 530,
2551 2089 150 70 498;
2755 2089 208 70 Arnold

181 2166 243 73 Moore,
474 2170 153 70 314;
673 2170 316 70 Thurman
1041 2173 151 72 Nail,
1242 2178 150 69 287,
1440 2179 151 70 523;
1638 2179 241 70 Alonzo
1927 2181 273 72 Malone,
2256 2185 141 69 111,
2446 2187 147 69 432;
2643 2185 319 70 Willodean

181 2265 255 72 Barton,
495 2269 145 70 145,
696 2271 153 70 456;
900 2271 264 70 Tressie
1215 2274 258 72 Adkins,
1528 2278 147 70 336,
1729 2278 148 72 318;
1930 2280 153 70 Tom
2137 2281 258 78 Harper,
2449 2286 145 73 434,
2650 2286 144 73 384;
2845 2286 118 73 Bob

181 2362 264 73 Fannin,
508 2368 150 69 110;
715 2368 280 69 Charles
1048 2371 211 72 Creel,
1317 2376 105 69 51,
1485 2377 147 69 116;
1684 2377 258 75 Johnny
1999 2379 297 73 Humber,
2352 2382 151 70 200,
2559 2385 150 67 454;
2764 2383 204 69 Pernie

181 2461 280 78 Pelfrey,
534 2467 154 72 565.

180 2560 298 63 RECESS.

348 2659 204 61 Elmer
591 2661 250 63 Conwill
880 2664 204 60 called
1123 2665 105 60 the
1264 2667 178 60 class
1480 2674 61 54 to
1581 2670 181 61 order
1801 2671 246 78 leading
2086 2689 205 61 songs
2329 2691 81 60 on
2449 2691 205 61 pages
2692 2677 121 75 422
2850 2676 108 76 and

175 2758 151 58 416.
387 2758 312 61 Leaders:
756 2761 144 61 Lisa
951 2763 331 78 Ballinger,
1336 2767 148 73 269,
1540 2769 151 72 327;
1744 2769 228 72 Ozella
2023 2770 246 70 Chafin,
2331 2773 141 69 142,
2526 2775 150 69 222;
2728 2773 231 70 Sandra

178 2854 151 73 Bell,
394 2857 147 72 192,
598 2860 156 70 391;
808 2859 225 72 Arthur
1083 2860 207 73 Ward,
1348 2865 150 70 215,
1555 2866 153 70 216;
1765 2866 198 70 Marie
2016 2868 316 79 Aldridge,
2391 2871 147 76 217,
2595 2871 148 76 316;
2799 2869 156 78 Edith

174 2955 184 73 Tate,
427 2958 148 70 187,
640 2959 156 70 212;
862 2958 156 72 Pam
1083 2959 273 72 Keeton,
1425 2964 145 69 171,
1633 2965 154 70 313;
1854 2965 222 70 Flarce
2137 2968 211 70 Creel,
2413 2971 148 67 389,
2625 2970 148 69 291;
2835 2968 120 70 Earl

177 3054 334 79 Ballinger,
571 3058 144 75 169,
774 3058 147 75 177;
972 3058 183 75 Chris
1207 3060 327 76 Ballinger,
1593 3063 145 73 122;
1792 3063 142 73 Lisa
1984 3064 298 72 Gilmore,
2335 3069 148 69 383,
2541 3069 141 69 183.

177 3153 396 63 DISMISSED
595 3154 151 61 FOR
769 3154 259 63 LUNCH.

346 3253 135 60 The
522 3253 331 60 afternoon
892 3255 265 60 session
1198 3255 211 78 began
1450 3256 136 76 with
1624 3256 168 76 John
1837 3259 177 75 Hyde
2058 3261 247 79 leading
2346 3279 165 61 song
2553 3279 79 61 on
2673 3279 162 63 page
2874 3264 84 78 90.

174 3352 309 61 Leaders:
535 3352 297 61 Harrison
883 3352 205 72 Creel,
1140 3355 147 69 512,
1338 3355 150 69 342;
1539 3355 162 69 Glen
1753 3357 267 73 Keeton,
2077 3363 144 69 196,
2272 3363 151 69 365;
2475 3363 195 69 Elene
2716 3360 234 72 Stovall,

169 3453 151 69 436,
373 3453 151 69 441;
576 3451 229 70 Gravis
853 3451 328 76 Ballinger,
1231 3454 148 73 300,
1431 3454 150 73 293;
1633 3453 208 75 Edwin
1894 3456 328 79 Ballinger,
2277 3462 148 73 340,
2476 3462 150 73 440;
2674 3459 126 76 Ora
2845 3459 108 76 Lee

172 3549 267 72 Fannin,
510 3552 147 69 179,
720 3549 153 72 496;
937 3549 175 72 Cecil
1174 3549 318 72 Sanders,
1563 3553 147 67 123;
1774 3553 252 76 Christy
2088 3556 199 73 Allen,
2353 3559 150 70 288,
2569 3558 192 72 321b;
2824 3556 130 73 Lola

171 3648 366 70 Roberson,
591 3649 150 69 297,
801 3649 144 69 155;
996 3646 159 72 Arlie
1209 3646 256 76 Harper,
1519 3649 148 73 477,
1722 3651 151 72 408;
1929 3652 319 78 Margaret
2301 3657 268 73 Keeton,
2628 3658 139 72 153,
2824 3655 127 75 124;

166 3745 237 61 Allison
456 3745 259 72 Stovall,
775 3747 144 70 146;
966 3744 186 73 Josie
1203 3744 199 76 Hyde,
1453 3747 147 73 280,
1660 3750 145 70 198;
1858 3750 244 78 Shirley
2154 3753 264 79 McCoy,
2470 3757 150 75 380.

168 3846 297 60 RECESS.

309 3943 133 61 The
474 3943 177 61 class
685 3940 295 64 resumed
1015 3940 241 78 singing
1290 3940 135 78 with
1461 3942 201 76 Aaron
1699 3942 241 76 Keeton
1978 3946 246 81 leading
2260 3966 207 63 songs
2500 3969 81 60 on
2617 3967 202 63 pages
2848 3949 111 81 388

163 4042 130 60 and
357 4042 154 60 343.
580 4041 310 61 Leaders:
957 4039 181 73 Larry
1200 4038 337 78 Ballinger,
1608 4042 147 73 109;
1818 4042 69 73 A.
1954 4045 72 70 C.
2097 4047 367 81 McGough,
2529 4053 156 75 290;
2749 4048 202 79 Buddy

165 4140 346 76 Ballinger,
582 4140 159 76 371;
814 4137 133 79 Ben
1020 4135 276 81 Keeton,
1368 4137 108 79 81,
1545 4138 109 78 82;
1723 4137 175 79 Joan
1969 4143 330 79 Aldridge,
2376 4149 151 73 182,
2598 4150 154 72 309,
2821 4146 136 76 294;

157 4239 291 60 Juliette
550 4237 310 75 Haynes,
961 4236 112 76 40,
1176 4234 115 78 42;
1392 4231 295 81 Clearcy
1788 4237 421 81 Ruthledge,
2319 4246 159 72 100,
2583 4249 111 69 64.
2794 4245 168 73 After

159 4341 577 64 announcements,
775 4333 105 72 the
915 4330 315 75 chairman
1266 4330 222 75 closed
1525 4330 105 75 the
1665 4332 246 81 singing
1945 4338 136 75 with
2119 4356 166 63 song
2325 4359 81 60 on
2445 4360 171 63 page
2650 4348 144 75 209.
2835 4341 117 82 Earl

160 4435 316 78 Ballinger
522 4431 355 82 dismissed
928 4429 136 84 with
1119 4444 241 69 prayer.

159 4534 363 69 Chairman,
577 4533 127 70 Tim
760 4530 295 73 Gilmore;
1107 4528 153 75 Vice
1312 4527 358 76 Chairman,
1731 4530 237 73 Robert
2017 4536 318 81 Aldridge;
2391 4542 364 79 Secretary,
2805 4543 154 78 Joan

153 4633 334 76 Aldridge.

1518 4726 81 58 78
