3196 4980
234 183 126 60 and
409 184 201 64 Runie
658 190 232 64 Glover
933 196 124 61 and
1104 199 124 61 told
1273 201 106 61 the
1423 204 199 73 class,
1672 208 24 69 "
1737 210 186 67 we're
1968 207 144 76 only
2160 207 156 76 here
2361 205 93 78 for
2497 222 40 61 a
2580 205 181 78 short
2803 205 198 78 time...

196 279 180 64 Don't
418 300 157 48 ever
615 295 109 72 get
768 298 108 69 too
921 295 165 78 busy
1128 298 132 75 that
1302 316 124 60 you
1471 306 166 70 can't
1678 304 150 72 take
1872 306 145 70 time
2064 312 63 64 to
2172 304 210 72 check
2428 319 81 57 on
2554 304 111 72 the
2709 304 136 72 sick
2887 315 114 61 and

193 378 328 67 shut-ins."
573 387 93 61 He
709 390 151 63 then
909 393 99 61 led
1054 412 166 61 song
1267 402 127 72 565
1441 400 93 73 for
1576 402 106 72 the
1767 400 331 79 following:
2148 402 219 78 Leone
2415 402 355 78 Diederich,
2823 405 183 75 Runie

193 478 250 76 Glover,
496 484 138 70 Don
682 487 315 76 Conners,
1050 493 258 70 Lurleen
1356 498 228 72 Heath,
1633 499 204 70 Leslie
1884 501 223 70 Cates,
2152 501 130 76 Jap
2328 499 246 78 Walton
2623 502 126 75 and
2796 504 201 73 Sheila

190 576 318 67 Wootten.
564 585 159 63 Ruth
772 588 202 63 White
1021 592 151 60 then
1221 594 229 61 closed
1498 597 109 60 the
1659 597 322 61 memorial
2029 597 142 61 with
2223 615 42 43 a
2311 615 246 61 prayer.
2611 600 171 81 Mary
2832 604 162 76 Rose

190 676 270 79 O'Leary
493 682 147 73 then
679 685 96 70 led
811 703 162 63 song
1011 705 79 61 on
1126 706 168 63 page
1329 694 145 75 411.

192 774 393 69 DISMISSED
609 783 151 61 FOR
781 786 261 63 LUNCH.

384 876 132 63 Ted
567 880 244 63 Mercer
856 889 409 58 reconvened
1311 889 108 60 the
1461 891 181 60 class
1689 891 252 79 leading
1984 909 168 63 song
2202 910 82 61 on
2331 912 174 64 page
2548 901 102 75 85.
2701 901 283 75 Leaders:

189 972 300 79 Stephen
549 978 301 79 O'Leary,
916 987 106 70 52;
1087 985 162 72 Ruth
1309 987 228 73 White,
1600 991 153 69 551;
1818 988 169 72 Herb
2047 991 399 76 Schroeder,
2509 999 106 72 82;
2679 1000 303 70 Charlene

186 1069 313 76 Wallace,
567 1078 156 70 222;
793 1080 201 69 David
1063 1083 336 73 Swarens,
1471 1089 150 67 128;
1690 1087 211 75 Ginny
1968 1087 127 76 Ely,
2163 1093 157 70 454;
2391 1093 201 70 David
2662 1098 159 78 Ivey,
2883 1108 97 70 55;

184 1168 289 63 Jennifer
517 1173 316 75 Wootten,
886 1180 147 69 283;
1086 1180 202 76 Ginny
1335 1182 280 75 Warren,
1665 1186 151 70 324;
1867 1186 270 70 Richard
2188 1189 292 82 DeLong,
2533 1198 147 73 550;
2730 1198 247 82 Carolyn

187 1266 247 79 Deacy,
498 1272 156 73 217;
712 1273 184 76 Jerry
961 1276 276 78 Enright,
1306 1282 150 72 180;
1519 1281 195 73 Carla
1773 1284 225 72 Smith,
2070 1287 150 72 145;
2277 1288 240 70 James
2578 1293 199 79 Page,
2844 1302 130 73 160;

187 1362 172 78 Mary
409 1368 310 73 Gardner,
778 1372 145 70 196;
976 1374 136 69 Bob
1161 1374 166 73 Parr,
1384 1380 142 67 142.

187 1461 295 63 RECESS.

346 1561 132 60 The
516 1564 178 60 class
730 1581 136 46 was
906 1569 201 60 called
1144 1572 294 75 together
1473 1573 78 75 by
1584 1575 120 73 Jim
1744 1576 247 72 Carnes
2032 1579 247 81 leading
2317 1600 165 63 song
2521 1603 79 60 on
2638 1605 166 63 page
2836 1596 132 72 270.

186 1656 304 63 Leaders:
534 1660 187 75 Vykki
769 1663 237 72 Mende
1051 1666 183 76 Gray,
1290 1671 142 72 186;
1476 1669 165 78 Judy
1686 1674 204 73 Hauff,
1935 1678 150 70 216;
2127 1678 54 70 J.
2232 1681 67 67 C.
2349 1683 270 75 Harden,
2664 1690 144 70 321;
2848 1692 120 69 Ann

186 1755 348 76 Reynolds,
586 1762 105 69 47;
744 1761 262 78 Stanley
1056 1764 198 75 Smith
1347 1768 99 70 led
1495 1768 96 70 his
1641 1771 253 78 original
1941 1779 444 76 composition,
2437 1783 360 79 "Chicago";
2845 1791 121 72 Don

184 1852 331 78 Bardsley,
570 1860 106 70 53;
730 1858 199 72 David
984 1861 277 73 Barford,
1321 1866 145 72 159;
1521 1867 214 70 Debra
1786 1870 294 79 Langley,
2136 1878 103 72 99;
2293 1879 195 70 Elliott
2538 1882 243 75 Ribner,
2838 1890 127 72 114;

178 1951 130 60 Jeff
352 1953 364 81 Sheppard,
766 1959 105 75 28;
919 1960 193 75 Syble
1158 1960 261 76 Adams,
1467 1968 103 70 39;
1620 1966 306 72 Kathleen
1971 1971 178 75 Thro,
2197 1978 192 70 306b;
2433 1978 192 70 Janet
2670 1983 298 76 Fraembs,

180 2050 154 70 47b;
396 2052 177 69 John
637 2055 217 72 Gurts,
921 2062 154 67 500;
1140 2061 129 69 Lee
1333 2061 381 76 Steinmetz,
1783 2071 148 69 149;
1998 2071 213 79 Midge
2275 2074 261 76 Harder,
2601 2080 150 72 410;
2812 2085 151 76 Gary

183 2148 280 72 Gronau,
507 2152 150 70 56b;
697 2152 171 70 Joan
910 2157 309 78 Aldridge,
1269 2163 141 72 120,
1458 2178 39 57 a
1537 2166 195 69 round
1776 2167 64 67 of
1878 2167 285 79 laughter
2200 2173 123 73 and
2367 2176 313 78 applause
2721 2184 240 73 greeted

183 2245 112 61 her
337 2253 352 58 statement
736 2253 132 61 that
913 2256 123 60 she
1087 2256 123 61 had
1260 2259 238 78 always
1545 2262 123 75 told
1716 2268 234 75 people
1996 2269 132 73 that
2175 2271 51 72 in
2275 2274 183 69 order
2500 2281 63 61 to
2605 2280 360 75 experience

183 2346 124 60 real
352 2347 249 63 Sacred
649 2350 168 78 Harp
856 2353 250 78 singing
1150 2371 121 61 you
1321 2358 123 75 had
1486 2365 61 67 to
1594 2361 156 72 hear
1789 2364 37 69 it
1869 2365 52 67 in
1968 2380 39 52 a
2050 2368 135 64 little
2226 2379 258 69 country
2524 2374 228 73 church
2793 2377 163 70 down

180 2445 213 73 south,
445 2446 108 72 but
603 2449 159 69 after
804 2451 196 76 today
1047 2454 123 73 she
1213 2460 187 67 won't
1444 2473 121 60 say
1612 2460 130 73 that
1788 2478 322 60 anymore.
2161 2467 132 70 The
2340 2470 178 67 class
2560 2479 165 58 went
2772 2475 112 63 into
2925 2493 33 45 a

180 2542 316 63 business
549 2548 291 61 session.
900 2550 375 64 Resolution
1327 2554 382 64 Committee
1762 2569 228 69 report:
2088 2565 171 73 Buell
2311 2568 186 70 Cobb
2545 2571 270 67 thanked
2862 2574 93 64 the

175 2644 400 61 convention
637 2646 96 61 for
789 2649 111 60 the
960 2650 156 61 food
1177 2653 127 60 and
1366 2655 108 60 the
1533 2673 339 61 generous
1933 2661 382 81 hospitality.
2382 2667 238 75 Marcia
2674 2670 277 72 Johnson

178 2743 277 60 recalled
508 2745 108 61 the
664 2746 130 61 first
843 2751 387 61 convention
1282 2752 52 61 in
1390 2754 238 61 Paxton
1686 2757 49 60 II.
1791 2760 123 60 and
1968 2763 354 61 reaffirmed
2370 2766 108 60 the
2527 2769 328 61 resolution
2902 2770 52 61 of

174 2841 136 61 that
370 2845 400 61 convention
832 2853 66 54 to
960 2850 307 60 continue
1329 2856 63 55 to
1456 2854 193 60 reach
1714 2862 111 54 out
1884 2865 64 54 to
2010 2860 186 60 other
2251 2863 262 78 singers
2574 2883 228 58 across
2859 2869 93 72 the

177 2938 289 64 Midwest
505 2944 126 60 and
672 2943 108 61 the
822 2946 207 61 nation
1069 2964 79 43 so
1189 2949 106 60 the
1335 2950 204 75 family
1578 2953 64 72 of
1677 2953 253 79 singers
1974 2958 51 75 is
2062 2959 235 78 spread
2341 2977 226 60 across
2604 2965 105 72 the
2745 2973 205 67 county

175 3037 115 63 like
336 3039 225 78 jewels
610 3058 81 58 on
741 3058 40 58 a
831 3045 328 72 necklace.
1210 3046 132 70 The
1390 3049 381 67 convention
1819 3058 367 72 expressed
2239 3058 72 72 its
2359 3061 304 75 gratitude
2710 3069 60 67 to
2817 3063 132 75 Katy

175 3138 181 76 Early
409 3139 129 75 and
592 3141 108 73 the
756 3141 354 78 University
1162 3144 67 75 of
1278 3145 291 78 Chicago
1623 3147 312 76 Folk-lore
1990 3154 262 78 Society
2304 3159 94 73 for
2446 3160 361 79 co-hosting
2856 3162 93 78 the

174 3237 270 76 Sunday
504 3240 294 73 session.
859 3241 136 72 The
1057 3241 280 72 Finance
1398 3244 387 69 Committee
1846 3256 432 72 represented
2341 3258 79 75 by
2476 3259 241 76 Wendy
2773 3261 180 75 Wahn

172 3337 298 76 reported
532 3337 36 76 it
627 3339 126 75 had
810 3340 285 73 covered
1150 3340 109 73 the
1314 3355 361 63 expenses.
1737 3345 135 73 The
1927 3354 393 64 convention
2379 3355 151 63 then
2589 3357 192 61 heard
2835 3355 111 63 and

169 3436 330 76 approved
549 3436 106 76 the
706 3436 270 76 locating
1023 3438 423 75 committee's
1494 3448 223 69 report.
1809 3444 135 73 Ted
1993 3448 247 69 Mercer
2287 3456 291 73 reported
2626 3456 129 73 that
2796 3456 157 73 there

165 3549 138 43 was
381 3549 40 43 a
462 3532 148 60 date
651 3534 247 60 conflict
939 3534 91 60 for
1072 3535 166 60 1990
1281 3535 124 60 and
1449 3537 189 60 made
1680 3555 40 42 a
1762 3543 229 61 motion
2035 3552 63 52 to
2139 3549 256 76 change
2437 3552 106 73 the
2583 3552 147 73 date
2770 3553 57 72 of
2862 3552 90 73 the

168 3628 288 63 Midwest
498 3630 382 61 convention
924 3630 153 61 from
1119 3631 106 60 the
1266 3633 129 60 2nd
1438 3631 124 61 fifth
1606 3634 267 78 Sunday
1915 3639 67 73 of
2020 3642 108 70 the
2172 3661 156 58 year
2367 3649 126 70 and
2536 3649 106 70 the
2685 3649 261 75 Satuday

165 3729 223 60 before
435 3735 63 54 to
547 3729 105 60 the
699 3727 126 61 fifth
874 3729 265 75 Sunday
1186 3729 64 75 of
1294 3730 105 73 the
1446 3745 154 60 year
1647 3733 426 82 immediately
2118 3745 349 79 preceding
2515 3748 106 76 the
2670 3748 187 76 fourth
2901 3747 54 78 of

157 3826 142 76 July
342 3826 126 76 and
513 3825 312 78 Saturday
867 3826 238 76 before.
1150 3825 132 78 The
1326 3828 228 75 motion
1596 3832 259 70 carried.
1902 3835 133 67 The
2074 3840 325 64 chairman
2443 3846 147 61 then
2635 3847 193 60 called
2868 3847 79 60 for

159 3925 169 61 each
378 3931 172 55 state
601 3922 423 79 represented
1074 3931 63 70 to
1183 3927 213 75 stand.
1449 3927 267 76 Singers
1809 3948 157 55 over
2013 3936 150 67 both
2212 3940 168 76 days
2428 3946 307 70 attended
2782 3946 159 70 from:

159 4023 367 70 California,
594 4020 348 73 Colorado,
1011 4023 391 70 Minnesota,
1464 4023 393 78 Wisconsin,
1926 4032 336 82 Nichigan,
2332 4041 321 75 Missouri,
2722 4044 223 72 Illinois,

159 4120 427 79 Mississippi,
666 4119 273 81 Florida,
1014 4120 345 79 Alabama,
1437 4122 310 79 Georgia,
1828 4128 624 85 Massachussetts,
2529 4141 411 72 Tennessee,

157 4221 256 61 Indiana
451 4219 126 63 and
619 4234 124 48 one
783 4218 217 78 singer
1036 4218 150 78 from
1231 4219 177 76 Nova
1447 4219 232 76 Scotia.
1725 4224 253 72 Warren
2056 4231 177 64 Steel
2274 4237 150 61 then
2469 4240 97 61 led
2607 4245 145 60 376.
2824 4242 117 63 The

153 4320 331 79 arranging
528 4317 340 82 commitee
916 4317 351 82 apoligized
1311 4323 61 76 to
1417 4318 103 81 the
1567 4335 205 64 many,
1822 4341 189 61 many
2058 4329 258 73 leaders
2364 4336 33 66 it
2437 4356 139 46 was
2625 4342 225 60 unable
2889 4345 52 57 to

150 4420 114 61 call
304 4419 294 63 because
637 4414 66 67 of
736 4416 163 70 time,
940 4429 166 57 even
1144 4416 135 70 with
1318 4416 106 70 the
1461 4423 174 63 extra
1669 4422 327 64 sessions.
2041 4428 171 78 Mary
2251 4432 180 73 Rose
2505 4438 126 67 and
2670 4440 270 78 Stephen

150 4518 268 75 O'Leary
453 4515 96 78 led
586 4515 169 78 448b
789 4528 78 64 as
898 4513 103 79 the
1036 4513 237 79 closing
1308 4528 181 64 song.
1527 4515 129 78 The
1690 4518 318 75 chairman
2044 4525 147 67 then
2230 4530 97 63 led
2361 4549 166 63 song
2565 4554 81 58 on
2682 4555 165 61 page
2878 4537 69 79 62

147 4617 124 63 and
316 4615 159 64 Ruth
517 4612 196 67 White
754 4611 346 69 dismissed
1141 4611 105 69 the
1285 4612 376 67 convention
1702 4615 136 64 with
1881 4635 241 61 prayer.

1512 4713 82 57 54
