3150 4950
168 124 244 81 closing
453 145 187 63 song.
685 132 133 76 The
858 136 178 72 class
1074 153 138 55 was
1251 139 346 69 dismissed
1638 141 138 67 with
1818 154 225 63 prayer
2079 139 81 78 by
2200 136 255 81 Carlton
2500 129 360 88 Hitchcock.

171 223 360 76 Chairman,
582 229 265 70 Richard
894 234 289 79 DeLong;
1228 237 150 76 Vice
1422 238 358 75 Chairman,
1824 237 126 76 Joe
1992 235 231 78 Willey;
2268 234 363 79 Secretary,
2679 228 304 85 Charlene

169 322 300 64 Wallace.

225 427 147 79 MR
397 432 204 78 AND
634 435 210 79 MRS
874 435 189 79 O.H.
1096 438 475 93 HANDLEY,
1605 439 145 91 MR
1779 439 202 91 AND
2011 435 211 96 MRS
2248 433 213 97 W.H.
2491 430 409 100 WALKER

384 562 526 82 MEMORIAL
933 568 210 76 AND
1173 568 282 76 MARY
1486 568 495 79 HOLCOMB
2007 567 207 81 AND
2247 564 259 84 LARA
2536 562 216 85 HAIL

1111 699 498 78 BIRTHDAY
1639 697 408 81 SINGING

913 822 288 60 BETHEL
1224 823 363 58 PRIMITIVE
1612 823 306 58 BAPTIST
1941 822 316 60 CHURCH

1306 921 274 58 MARCH
1609 925 57 64 5,
1698 924 163 66 1989

355 1014 133 60 The
534 1017 232 58 annual
849 1017 319 60 Memorial
1212 1017 127 60 and
1383 1018 288 73 Birthday
1711 1018 244 73 Sacred
2001 1018 166 76 Harp
2209 1017 262 78 Singing
2512 1030 139 64 was
2689 1017 195 78 called
2922 1027 52 67 to

177 1111 186 60 order
402 1113 81 75 by
528 1113 268 75 Preston
841 1114 217 73 Crider
1099 1114 250 76 leading
1395 1131 166 60 song
1606 1131 82 60 on
1732 1131 171 61 page
1947 1117 102 75 32.
2094 1116 135 76 The
2274 1114 282 78 morning
2599 1131 219 61 prayer
2853 1134 121 58 was

178 1209 99 60 led
325 1210 79 75 by
453 1210 76 75 M.
582 1212 69 73 H.
703 1212 205 73 Creel.
961 1212 267 73 Preston
1276 1213 217 72 Crider
1534 1213 151 72 then
1734 1213 97 72 led
1879 1228 166 60 song
2094 1228 81 60 on
2223 1228 172 61 page
2446 1215 141 75 176.
2635 1213 129 76 The
2808 1216 159 73 class

178 1308 349 76 organized
577 1309 81 75 by
706 1309 274 76 electing
1072 1309 259 76 officers
1378 1326 79 60 as
1503 1309 267 76 follows:
1821 1309 361 76 Chairman,
2236 1311 270 75 Preston
2556 1311 229 75 Crider;
2830 1314 135 72 Vice

178 1405 393 72 Chairman,
666 1407 315 70 Kenneth
1072 1407 279 70 Fannin,
1444 1408 390 73 Secretary,
1930 1408 207 73 Marie
2227 1408 303 73 Guthrie;
2619 1410 345 82 Arranging

180 1503 405 72 Committee,
639 1504 208 75 Henry
897 1504 303 75 Guthery;
1249 1506 280 73 Finance
1578 1506 402 73 Committee,
2034 1506 288 76 Douglas
2370 1507 285 75 Howard.
2706 1509 259 73 Leaders

178 1600 214 60 called
453 1618 199 43 were:
718 1602 298 60 Kenneth
1083 1603 264 70 Fannin,
1411 1606 316 69 214,215;
1789 1603 181 78 Virgil
2037 1603 277 78 Phillips,
2379 1608 150 73 389,
2598 1609 142 72 137;
2803 1609 160 72 Ervin

183 1699 325 72 Brothers,
567 1702 150 69 282,
774 1702 151 70 380,
984 1704 105 69 95;
1147 1702 196 70 Marie
1399 1702 282 70 Guthrie,
1737 1705 150 69 430,
1944 1705 150 69 298,
2151 1705 153 70 446;
2361 1704 157 72 Unie
2572 1705 64 70 B.
2695 1707 265 75 Howard,

180 1801 151 69 384,
388 1801 156 69 318;
597 1800 256 75 Aubrey
910 1801 264 73 Fannin,
1225 1803 153 72 358,
1440 1804 147 70 100;
1639 1803 166 72 Aver
1857 1803 235 72 Crider,
2146 1806 105 69 48,
2310 1806 105 69 73;
2470 1804 189 70 Essie
2712 1806 249 75 Calvert,

187 1899 145 69 108,
396 1900 148 69 109;
604 1899 181 75 Ruby
843 1899 436 76 Phillips.331,
1336 1902 148 73 285.

186 1996 297 58 RECESS.

322 2094 133 60 The
490 2095 175 58 class
702 2095 297 60 resumed
1032 2095 244 76 singing
1308 2095 135 76 with
1480 2097 283 75 Kenneth
1800 2097 229 75 Fannin
2065 2098 243 76 leading
2341 2115 162 60 song
2538 2115 78 60 on
2650 2115 160 61 page
2839 2103 127 73 274.

187 2193 312 60 Leaders:
553 2193 204 60 Jewel
813 2193 318 72 Wootten,
1188 2196 151 69 270,
1402 2196 144 69 101,
1608 2197 145 67 166;
1810 2194 207 75 Henry
2073 2196 300 75 Guthery,
2428 2199 147 72 409,
2637 2199 139 72 177,
2833 2200 129 70 176;

183 2290 279 60 Vernice
520 2292 277 70 Calvert,
865 2295 145 67 183,
1069 2295 151 67 291,
1288 2295 147 67 151;
1495 2293 318 69 Freeman
1869 2293 316 70 Wootten,
2245 2296 150 67 385,
2452 2296 106 69 48;
2619 2295 151 70 Lara
2826 2295 133 72 Hail,

184 2391 312 69 222,220,
556 2391 147 69 192;
757 2389 186 70 Carol
999 2389 261 70 Fannin,
1314 2392 103 67 72,
1470 2392 151 67 378;
1675 2391 223 69 Lamar
1947 2391 217 70 Smith,
2217 2394 103 67 36,
2374 2394 102 67 76,
2529 2394 147 67 343;
2727 2392 235 75 Tommy

186 2487 211 72 Creel,
448 2490 105 69 37,
604 2490 106 69 30;
763 2487 172 76 Mary
987 2487 328 76 Holcomb,
1366 2490 148 73 341,
1566 2490 148 73 372,
1765 2490 150 73 571;
1968 2488 205 75 Henry
2217 2488 316 75 Johnson,
2584 2491 102 72 59,
2734 2491 97 72 81,
2878 2491 88 72 80;

189 2586 76 61 M.
328 2586 69 61 H.
454 2587 211 70 Creel,
723 2589 469 69 530,512,348.

189 2686 396 60 DISMISSED
609 2686 151 60 FOR
783 2686 261 60 LUNCH.

400 2787 270 58 Preston
723 2785 219 60 Crider
987 2785 268 76 brought
1302 2784 106 78 the
1455 2785 180 76 class
1683 2785 294 76 together
2023 2785 252 76 leading
2322 2802 166 60 song
2538 2802 78 60 on
2664 2802 165 60 page
2872 2788 87 73 50.

189 2884 310 61 Leaders:
550 2886 211 73 Henry
811 2884 300 75 Guthery,
1165 2884 150 75 73b;
1369 2883 178 76 Ruby
1597 2883 271 76 Phillips,
1918 2884 108 75 39;
2074 2884 180 75 Arvid
2308 2884 280 75 Holmes,
2640 2886 102 73 98;
2788 2883 174 76 Wilda

189 2983 298 70 Holmes,
564 2985 157 69 295;
798 2982 238 72 Rhoda
1110 2980 238 73 Norris,
1422 2982 154 72 460,
1651 2982 156 72 498;
1885 2979 247 75 Eunice
2208 2980 318 73 Kimbrell,
2602 2982 105 72 78;
2775 2979 184 75 Jewel

184 3084 316 69 Wootten,
553 3084 103 69 79;
708 3081 312 72 Freeman
1068 3079 310 73 Wootten,
1434 3079 144 73 111;
1627 3076 156 76 Unie
1833 3076 63 76 B.
1948 3076 288 76 Howard,
2287 3081 148 72 208;
2487 3079 183 73 Essie
2716 3078 241 75 Calvert,

184 3184 150 67 378;
387 3181 217 70 Flarce
652 3178 204 73 Creel,
912 3180 145 72 129;
1104 3177 249 75 Aubrey
1401 3175 253 76 Fannin,
1702 3177 151 75 319;
1903 3174 156 78 Lara
2106 3175 151 76 Hail,
2311 3180 147 72 127;
2508 3178 217 73 Lamar
2766 3175 193 76 Smith,

184 3282 106 69 45;
348 3280 76 70 M.
484 3279 67 72 H.
607 3277 208 73 Creel,
868 3277 151 73 275,
1072 3276 151 75 342;
1279 3273 174 78 Ervin
1509 3271 318 79 Brothers,
1879 3274 151 76 477;
2083 3273 166 78 Aver
2299 3276 234 75 Crider,
2587 3277 147 73 480;
2788 3274 181 76 Henry

181 3379 322 69 Johnson,
556 3378 148 70 445;
754 3373 186 75 Carol
990 3372 256 76 Fannin,
1296 3373 105 75 75;
1447 3369 267 79 Vernice
1762 3369 267 79 Calvert,
2082 3373 105 75 56;
2238 3373 291 75 Kenneth
2578 3373 250 75 Fannin,
2874 3373 85 75 61,

189 3478 148 69 149;
397 3475 211 73 Henry
666 3471 303 78 Guthery,
1027 3471 150 78 398.
1239 3468 271 81 Preston
1569 3466 220 82 Crider
1843 3466 100 82 led
2001 3469 130 79 405
2185 3469 97 79 for
2334 3472 111 76 the
2499 3471 247 78 closing
2799 3484 168 64 song.

186 3573 288 61 Kenneth
520 3571 234 63 Fannin
795 3567 348 67 dismissed
1185 3565 135 69 with
1362 3579 238 63 prayer.

184 3673 369 69 Chairman,
618 3670 273 72 Preston
952 3664 238 78 Crider;
1300 3661 153 81 Vice
1512 3661 367 81 Chariman,
1942 3663 297 79 Kenneth
2302 3667 267 75 Fannin;
2629 3669 339 73 Secretary,

184 3772 196 61 Marie
433 3769 279 64 Guthrie.

378 3871 415 81 MARTHA
823 3865 405 87 HARPER
1261 3864 159 88 NIX
1447 3906 28 46 -
1509 3862 300 90 LEWIS
1843 3864 402 88 KEETON
2281 3870 525 82 MEMORIAL

1188 3987 148 58 New
1362 3985 345 60 Flatwoods
1732 3985 241 60 Church

1296 4084 205 60 March
1525 4087 58 66 5,
1618 4086 162 67 1989

394 4195 135 60 The
582 4188 232 67 annual
867 4185 246 70 Sacred
1165 4183 166 75 Harp
1381 4180 259 78 Singing
1695 4180 144 78 held
1890 4189 64 69 at
2004 4183 156 75 New
2209 4188 364 70 Flatwoods
2626 4191 247 67 Church
2920 4188 46 70 in

180 4308 283 58 memory
514 4291 66 75 of
630 4285 243 81 Martha
927 4282 240 84 Harper
1216 4279 108 87 Nix
1377 4276 124 90 and
1554 4276 201 90 Lewis
1807 4278 247 88 Keeton
2103 4297 142 69 was
2295 4287 210 79 called
2557 4296 64 70 to
2673 4290 184 76 order
2902 4287 66 79 by

178 4393 208 72 Henry
429 4387 292 78 Jackson
771 4380 249 85 leading
1069 4392 165 73 song
1284 4390 79 75 on
1413 4389 171 76 page
1630 4375 103 90 30.
1783 4374 133 91 The
1966 4378 282 87 morning
2298 4398 231 67 prayer
2568 4401 142 64 was
2760 4386 96 79 led
2902 4384 67 81 by

177 4488 198 76 Philip
432 4485 301 79 Gilmore.
798 4477 208 87 Henry
1059 4471 295 93 Jackson
1413 4470 151 94 then
1626 4468 100 96 led
1785 4485 171 79 song
2016 4488 82 76 on
2157 4491 178 73 page
2392 4482 153 82 460.
2607 4483 138 81 The
2800 4483 169 81 class

174 4581 349 82 organized
576 4581 79 82 by
705 4573 273 90 electing
1027 4570 108 93 the
1183 4566 309 97 following
1545 4564 279 99 officers:
1878 4567 363 96 Chairman,
2295 4573 130 90 Tim
2478 4578 304 85 Gilmore;
2832 4579 139 84 Vice

174 4683 364 66 Chairman,
589 4677 168 72 Joey
807 4671 297 78 Gilmore;
1155 4666 358 82 Secretary,
1567 4663 319 85 Margaret
1938 4666 270 82 Keeton:
2259 4671 351 82 Arranging

1531 4762 91 69 26,
