3150 4950
816 148 604 87 MACEDONIA
1453 157 408 79 BAPTIST
1890 157 426 79 CHURCH

1234 282 343 78 Haleyville,
1608 285 306 75 Alabama

1284 382 243 76 August
1554 384 96 75 13,
1683 384 163 75 1989

295 466 132 61 The
463 471 238 60 annual
739 472 250 64 Sacred
1030 478 168 78 Harp
1233 480 258 78 Singing
1531 480 142 78 held
1713 486 61 72 at
1812 478 384 79 Macedonia
2230 478 250 79 Church
2515 493 139 64 was
2691 478 204 79 called
2932 484 61 73 to

162 568 165 63 order
360 565 78 76 by
478 565 238 76 Robert
751 571 295 81 Aldridge
1089 576 249 78 leading
1377 594 166 60 song
1584 594 81 60 on
1705 594 171 60 page
1914 577 145 76 36b.
2101 576 133 78 The
2277 576 279 78 morning
2598 591 225 63 prayer
2856 591 138 63 was

165 667 82 63 led
291 666 75 76 by
406 664 129 78 Tim
580 666 301 76 Gilmore.
933 672 237 70 Robert
1212 675 291 76 Aldridge
1551 675 99 76 led
1693 690 168 61 song
1906 690 82 61 on
2034 690 172 61 page
2251 675 148 76 460.
2445 673 135 78 The
2623 673 181 78 class
2845 688 139 63 was

163 768 132 61 then
340 763 349 78 organized
739 766 79 76 by
864 769 277 79 electing
1189 772 108 76 the
1344 772 310 76 following
1702 772 280 76 officers:
2032 771 363 78 Chairman,
2445 771 219 78 Travis
2712 769 271 79 Keeton;

165 867 132 61 Vice
343 862 363 72 Chairman,
756 865 130 69 Tim
936 868 301 72 Gilmore;
1288 870 360 75 Secretary,
1698 870 189 75 Josie
1935 870 202 75 Hyde;
2184 868 349 78 Arranging
2583 868 406 78 Committee,

168 967 157 72 Larry
367 961 312 79 Ballinger
720 964 129 76 and
889 966 172 75 John
1111 967 199 75 Hyde.
1356 967 219 75 Travis
1618 967 247 75 Keeton
1909 967 153 75 then
2109 967 100 75 led
2254 982 169 63 song
2469 982 82 63 on
2596 982 216 63 pages
2860 967 111 78 121

169 1063 111 63 and
336 1063 148 63 297.
547 1060 315 66 Leaders:
919 1063 177 63 John
1159 1065 205 75 Hyde,
1425 1068 108 72 37,
1594 1068 108 72 61;
1765 1066 243 73 Estelle
2068 1066 235 73 Glenn,
2370 1068 147 72 123,
2578 1066 109 73 81;
2748 1063 235 76 Arnold

171 1164 222 69 Moore,
451 1162 154 70 235;
669 1161 232 72 Pernie
963 1162 273 78 Pelfrey,
1299 1164 240 76 "Jesus
1600 1164 162 76 Died
1819 1164 99 76 for
1975 1164 156 76 Me",
2191 1167 156 73 345;
2406 1164 225 76 Teddy
2691 1162 298 78 Godsey,

174 1264 126 69 168,
348 1261 150 72 217;
549 1260 273 78 Clearcy
873 1261 342 79 Rutledge,
1267 1264 153 76 290;
1474 1264 97 76 Dr.
1629 1264 201 76 Doyle
1876 1264 322 76 Williams,
2251 1266 151 75 371,
2457 1266 106 75 32;
2619 1263 178 78 Ethel
2851 1261 129 79 Nix,

174 1360 172 72 138b;
399 1360 238 72 Hubert
690 1360 204 72 Hood,
949 1363 153 70 340,
1164 1365 145 69 159;
1366 1362 201 72 Roxie
1621 1363 270 72 Keeton,
1947 1365 154 70 421;
2155 1363 186 72 Chris
2394 1363 129 72 and
2578 1362 195 73 Kevin
2832 1362 148 73 Bell,

175 1464 130 69 124,
375 1462 145 70 153.

174 1560 271 61 RECESS.

331 1659 129 60 The
502 1659 178 60 class
720 1675 141 43 was
900 1660 208 60 called
1150 1666 64 54 to
1258 1660 183 60 order
1480 1660 81 76 by
1600 1660 129 76 Tim
1774 1660 277 76 Gilmore
2095 1660 250 78 leading
2389 1677 211 61 songs
2644 1675 81 63 on
2770 1675 213 63 pages

172 1761 112 58 203
333 1758 123 61 and
507 1759 150 60 416.
712 1758 312 61 Leaders:
1078 1759 174 60 Cecil
1306 1761 318 70 Sanders,
1677 1762 151 69 348,
1884 1762 153 69 569;
2091 1761 324 78 Margaret
2466 1759 271 79 Keeton,
2791 1759 196 79 213b,

172 1860 133 69 410;
361 1857 286 76 Fayrene
705 1858 288 75 Pickard,
1050 1861 151 72 480,
1264 1861 148 72 143;
1465 1860 213 73 Aaron
1737 1860 271 73 Keeton,
2065 1861 153 72 317,
2274 1861 154 72 318;
2488 1858 144 75 Lisa
2685 1858 303 75 Gilmore,

174 1959 301 69 286,411;
555 1956 150 72 Lisa
783 1957 355 78 Ballinger,
1218 1960 157 75 546,
1455 1960 160 75 269;
1692 1959 234 76 Arthur
1999 1959 217 76 Ward,
2298 1960 157 75 336,
2536 1960 159 75 379;
2779 1957 204 78 Hollis

175 2055 270 75 Godsey,
508 2058 316 72 434,436;
886 2056 285 73 Geneva
1231 2058 262 72 Horton,
1554 2061 153 69 426,
1770 2058 156 72 39b;
1990 2058 294 75 Fayrene
2344 2056 381 76 Wakefield,
2796 2056 192 76 145b,

174 2155 132 69 314;
346 2154 52 70 L.
445 2154 63 70 E.
555 2154 291 72 Hannah,
888 2157 196 69 323b,
1128 2158 105 67 45;
1276 2155 213 70 Travis
1533 2157 244 69 Keeton
1821 2155 126 70 and
1989 2155 129 70 Tim
2158 2155 295 70 Gilmore,
2497 2157 148 69 489.

177 2251 367 61 DISMISSED
567 2253 151 60 FOR
741 2253 264 61 LUNCH.

313 2350 126 60 The
478 2352 328 60 afternoon
846 2352 265 60 session
1147 2368 139 43 was
1323 2353 202 58 called
1564 2359 61 52 to
1666 2353 184 58 order
1884 2352 78 75 by
1998 2352 214 75 Travis
2251 2352 244 75 Keeton
2538 2352 247 76 leading
2824 2367 165 61 song

175 2463 69 45 on
282 2464 162 63 page
484 2452 145 75 566.
675 2451 303 76 Leaders:
1024 2451 220 76 Benny
1287 2451 264 76 Keeton,
1594 2454 148 73 343,
1785 2451 196 76 345b;
2025 2451 205 76 Roma
2272 2449 151 78 Rice
2466 2449 124 78 and
2635 2449 111 78 her
2782 2449 205 78 father

175 2547 109 60 and
334 2548 261 72 mother,
649 2548 270 72 Howard
972 2550 129 70 and
1150 2550 142 70 Ada
1341 2550 295 76 Godsey,
1693 2551 144 75 120,
1891 2551 103 75 34,
2049 2551 150 75 369,
2251 2551 153 75 321;
2458 2548 136 78 Earl
2647 2548 333 78 Ballinger,

178 2647 129 70 177,
370 2649 144 70 176;
577 2647 210 72 Elmer
843 2649 285 72 Conwill,
1191 2650 105 70 73,
1363 2650 148 70 142;
1575 2649 241 72 Latrive
1879 2647 219 75 Bailey
2157 2647 127 75 and
2347 2646 165 76 Nina
2565 2646 202 76 Tittle,
2827 2647 153 75 300,

174 2746 135 70 384;
364 2746 154 70 Tom
580 2748 268 78 Harper,
910 2752 153 73 500,
1128 2751 153 75 442,
1344 2749 154 76 470;
1561 2748 153 78 Lola
1773 2746 394 79 Robertson,
2236 2748 147 78 192,
2446 2746 154 79 222;
2659 2745 136 81 Ora
2856 2745 127 81 Lee

177 2842 235 73 Fannin,
463 2848 151 69 403,
664 2848 154 70 376;
870 2847 133 72 Ted
1057 2847 294 76 Godsey,
1405 2848 103 75 77,
1561 2848 153 75 236;
1767 2845 180 78 Larry
1999 2844 333 79 Ballinger,
2383 2845 150 78 402,
2592 2845 147 78 145;
2794 2842 189 81 Emily

172 2941 219 75 Jones,
468 2947 111 70 31,
660 2949 111 69 67;
846 2946 199 72 Josie
1125 2946 211 76 Hyde,
1416 2947 157 75 298,
1653 2947 157 75 234;
1894 2943 258 79 Parnell
2233 2943 219 79 Berry,
2530 2943 159 79 283;
2770 2941 220 81 Myrtis

175 3040 280 75 Graham,
510 3046 150 69 418,
717 3046 150 69 400.
922 3045 222 70 Travis
1201 3043 249 72 Keeton
1506 3043 102 72 led
1659 3058 169 61 song
1884 3057 82 63 on
2022 3057 174 63 page
2248 3042 129 78 270
2430 3039 93 81 for
2571 3039 109 81 the
2731 3039 250 81 closing

174 3154 166 64 song.
391 3142 132 76 Earl
571 3144 313 78 Ballinger
927 3142 358 79 dismissed
1330 3142 138 79 with
1515 3157 243 64 prayer.

174 3237 343 76 Chairman,
576 3243 223 70 Travis
856 3243 277 70 Keeton;
1189 3241 157 72 Vice
1402 3240 369 73 Chairman,
1828 3238 130 75 Tim
2016 3237 304 76 Gilmore;
2379 3235 369 78 Secretary,
2802 3235 190 78 Josie

175 3336 177 76 Hyde.

804 3445 348 81 NORTH
1182 3444 469 82 ALABAMA
1680 3438 652 88 CONVENTION

1297 3567 192 60 Fuller
1512 3567 331 72 Cemetery

1288 3666 240 75 August
1557 3666 96 75 12,
1686 3664 163 76 1989

358 3766 132 63 The
534 3768 189 61 North
762 3766 318 63 Alabama
1120 3762 247 67 Sacred
1413 3762 166 76 Harp
1617 3757 399 81 Convention
2059 3756 246 82 Sacred
2349 3756 169 82 Harp
2557 3754 259 84 Singing
2854 3772 139 66 was

169 3864 183 63 called
391 3874 61 55 to
492 3868 186 61 order
715 3867 79 76 by
837 3865 190 78 Ricky
1069 3864 294 79 Harcrow
1402 3859 249 84 leading
1692 3874 166 69 song
1900 3873 79 70 on
2022 3871 171 72 page
2230 3856 102 87 37,
2376 3855 129 88 31b
2544 3855 126 88 and
2709 3858 102 85 27.
2854 3856 130 87 The

172 3967 259 81 morning
481 3984 231 64 prayer
754 3982 142 66 was
946 3964 100 84 led
1096 3963 81 85 by
1227 3961 127 87 Phil
1402 3957 400 91 Summerlin.
1855 3955 192 93 Ricky
2095 3955 297 93 Harcrow
2434 3954 151 94 then
2637 3954 99 94 led
2782 3972 211 76 songs

169 4078 67 46 on
279 4083 211 64 pages
534 4069 135 78 36b
712 4066 129 81 and
892 4066 147 81 186.
1090 4060 285 87 Leaders
1419 4057 231 90 called:
1698 4054 286 93 Leonard
2032 4053 183 94 Lacy,
2262 4053 148 94 37b,
2460 4054 103 93 30,
2611 4056 106 91 34;
2763 4054 93 93 for
2902 4056 87 91 Mr

168 4165 111 60 and
324 4167 145 63 Mrs.
517 4168 66 61 T.
637 4167 69 63 H.
759 4165 199 69 Ross;
1009 4159 199 75 David
1261 4158 159 76 Ivey,
1471 4158 103 76 67,
1623 4156 105 78 69;
1779 4152 181 82 Noah
2010 4152 181 82 Lacy,
2241 4152 148 82 30b,
2437 4153 105 81 31,
2592 4153 150 81 207;
2791 4153 192 81 Kavin

168 4260 315 81 Holcomb,
541 4269 156 72 323,
757 4263 151 78 68b;
969 4261 231 79 Shane
1254 4257 322 84 Wootten,
1633 4254 106 87 48,
1797 4254 154 87 299;
2010 4251 240 90 Barrett
2302 4249 261 91 Ashley,
2623 4251 150 90 47b,
2835 4254 148 87 108;

166 4360 252 69 Richard
471 4368 162 75 Ivey,
690 4365 148 78 182;
889 4360 151 82 Mae
1089 4357 339 85 Seymour,
1483 4354 144 88 189,
1677 4353 150 90 383,
1876 4350 151 93 29b;
2079 4348 160 94 Hoyt
2287 4348 300 94 Renfroe,
2638 4351 102 91 97,
2790 4351 150 91 39b.

165 4461 279 69 RECESS.

297 4569 132 61 The
463 4567 183 63 class
681 4578 139 52 was
858 4557 267 78 brought
1159 4552 292 82 together
1482 4551 138 84 with
1659 4548 193 87 David
1893 4548 138 87 Ivey
2068 4548 246 87 leading
2352 4564 165 70 song
2554 4564 82 70 on
2673 4566 171 69 page
2878 4554 103 81 82.

162 4662 292 69 Leaders:
508 4663 243 67 Marlon
801 4660 321 70 Wootten,
1176 4656 102 75 64,
1332 4654 106 76 78;
1486 4648 226 82 Colbie
1761 4648 195 82 Allen,
2007 4648 309 82 318,384;
2368 4647 208 84 Milton

1519 4750 120 58 123
