3165 4960
415 295 216 61 Fourth
658 330 21 27 -
711 298 202 60 Indian
940 300 204 61 Creek
1170 301 231 76 Baptist
1426 301 243 76 Church
1699 334 19 43 -
1744 304 37 73 4
1812 301 172 76 miles
2013 300 169 78 north
2209 298 63 79 of
2301 295 294 82 Bowdon,

262 390 289 79 Georgia,
585 393 145 76 Hwy
760 397 139 72 100.

414 489 217 63 Fourth
658 525 21 27 -
708 492 97 60 Mt.
838 493 294 60 Lebanon
1161 495 243 58 Church
1431 528 21 25 -
1476 498 40 57 8
1545 495 174 60 miles
1746 495 333 60 northwest
2101 492 64 63 of
2191 492 274 72 Fayette,
2493 484 327 79 Alabama,

262 600 79 43 on
370 585 97 60 old
498 586 253 75 Fayette
778 589 123 72 and
928 589 271 72 Winfield
1228 591 309 75 Highway.

414 682 217 61 Fourth
658 717 21 27 -
708 684 153 60 New
886 685 177 76 Hope
1093 685 291 76 Primitive
1411 685 234 76 Baptist
1668 684 244 78 Church
1941 717 21 45 -
1987 682 235 79 Annual
2253 676 316 85 Memorial
2598 663 256 99 Singing

261 781 130 57 -12
420 780 175 60 miles
624 781 319 60 northeast
969 783 61 58 of
1051 783 247 75 Jasper,
1330 783 319 75 Alabama,
1683 781 120 76 and
1836 783 21 75 1
1897 780 135 78 mile
2059 778 184 79 south
2275 778 60 79 of
2362 777 144 81 Hwy
2536 772 81 85 69
2646 778 82 79 on

261 876 229 76 Sipsey
520 877 177 75 Road
729 879 264 73 (Walker
1017 879 283 73 County).

414 973 217 60 Fourth
658 1006 21 27 -
708 975 153 58 New
886 975 178 75 Hope
1092 973 244 76 Church
1363 1006 21 43 -
1411 978 39 72 5
1479 973 174 76 miles
1680 972 183 78 south
1893 972 63 78 of
1974 972 207 78 Jones
2206 970 264 79 Chapel,
2499 963 327 87 Alabama,
2859 970 78 79 on

262 1069 145 73 Hwy
432 1072 129 70 278
586 1102 21 40 -
634 1071 243 73 County
904 1071 163 73 Hwy.
1098 1069 148 75 from
1272 1069 207 75 Jones
1506 1068 240 76 Chapel
1771 1074 63 70 to
1860 1068 205 76 Crane
2094 1068 100 76 Hill
2224 1068 325 76 (Cullman,
2583 1056 289 88 County).

1485 1263 172 82 July,
1692 1264 184 81 1990

412 1374 148 58 First
585 1374 124 60 and
736 1374 310 72 Saturday
1072 1372 216 73 before
1317 1404 19 42 -
1365 1372 295 76 Henagar
1686 1372 196 76 Union
1909 1372 390 76 Convention
2328 1405 21 43 -
2376 1372 231 76 Liberty
2634 1368 258 81 Church.

258 1470 40 57 2
325 1470 178 57 miles
531 1470 171 57 north
730 1468 63 58 of
819 1468 312 75 Henagar,
1159 1468 322 75 Alabama,
1512 1468 150 75 from
1693 1468 295 75 Henagar
2010 1468 288 75 crossing
2325 1468 144 75 take
2499 1467 145 76 Hwy
2668 1470 82 73 40

256 1570 160 51 west
441 1570 63 51 to
531 1564 250 57 Farmer
804 1564 366 73 Telephone
1197 1564 433 73 Cooperative.
1660 1564 154 73 Turn
1846 1564 147 75 right
2016 1570 63 69 to
2104 1566 169 73 dead
2299 1566 145 73 end.
2473 1566 157 73 Turn
2658 1567 159 76 right.

258 1657 171 58 Take
453 1659 124 57 first
606 1659 99 58 left
732 1665 145 69 past
903 1659 297 75 Henagar
1225 1659 334 75 Methodist
1585 1660 244 73 Church
1857 1668 147 66 onto
2055 1662 228 75 Liberty
2313 1662 196 75 Road.
2539 1663 241 73 Church
2808 1683 76 54 on

259 1753 150 76 right
433 1755 154 75 after
613 1768 252 61 approx.
901 1758 100 72 1.5
1029 1753 195 76 miles.

412 1851 148 58 First
583 1882 22 27 -
633 1852 199 57 Cross
862 1852 220 58 Roads
1110 1854 235 75 Baptist
1369 1855 244 73 Church
1644 1888 21 40 -
1692 1858 39 70 9
1758 1857 177 72 miles
1962 1858 169 70 north
2160 1860 66 69 of
2244 1860 393 78 Tallapoosa,

258 1945 292 76 Georgia,
576 1947 126 75 just
727 1947 63 75 of
816 1947 145 76 Hwy
994 1951 139 72 100.

411 2043 150 60 First
583 2076 21 27 -
634 2044 153 58 New
814 2046 351 61 Flatwoods
1194 2049 244 60 Church
1465 2083 21 25 -
1516 2052 240 72 Dutton,
1788 2053 208 70 Green
2028 2055 309 69 Memorial
2365 2091 21 33 -
2410 2061 40 63 3
2478 2061 174 63 miles
2676 2064 180 60 south

256 2139 64 60 of
346 2140 282 73 Nauvoo,
660 2142 324 72 Alabama,
1017 2146 123 67 and
1168 2154 144 60 east
1338 2149 64 64 of
1428 2149 144 76 Hwy
1602 2152 64 73 11
1705 2185 21 40 -
1756 2152 261 73 Nauvoo
2041 2160 61 66 to
2131 2155 246 70 Carbon
2407 2157 118 72 Hill,
2553 2160 313 69 Alabama.

411 2238 148 61 First
583 2274 21 25 -
634 2241 301 63 Pleasant
963 2244 100 60 Hill
1093 2244 244 63 Church
1366 2281 19 25 -
1411 2248 144 61 One
1585 2250 135 61 Mile
1747 2251 358 63 Southwest
2131 2256 64 58 of
2215 2256 253 61 Warner
2494 2257 289 73 Robbins,

256 2337 292 81 Georgia,
580 2356 82 61 on
690 2341 201 76 South
921 2344 300 73 Pleasant
1249 2347 99 70 Hill
1380 2349 195 69 Road.

405 2439 139 78 July
568 2442 67 75 2-
664 2442 298 79 Monday-
1014 2445 243 79 Gauley
1284 2448 154 76 Free
1462 2449 120 75 Will
1614 2451 231 79 Baptist
1870 2454 244 76 Church
2142 2490 19 40 -
2187 2458 40 72 2
2256 2457 174 73 miles
2454 2466 156 64 west
2635 2460 61 70 of

255 2538 288 63 Calhoun
571 2542 148 76 City,
754 2544 388 82 Mississippi.

403 2640 139 78 July
567 2644 40 73 4
633 2643 454 79 -Wednesday,
1123 2647 484 79 Independence
1636 2652 148 76 Day,
1818 2653 226 76 Liberty
2071 2656 241 73 Church
2343 2674 151 55 near
2520 2658 262 73 Helicon,

252 2739 327 63 Alabama.
609 2775 21 27 -
655 2743 94 60 six
778 2743 175 63 miles
978 2748 187 60 south
1195 2748 61 60 of
1282 2748 144 78 Hwy
1452 2752 126 73 278
1605 2752 123 73 and
1755 2769 124 57 one
1906 2754 136 72 mile
2068 2761 157 64 west
2251 2757 63 69 of
2338 2757 145 75 Hwy
2511 2758 97 73 77.

402 2839 139 79 July
565 2844 40 75 4
631 2842 454 79 -Wednesday,
1120 2847 483 79 Independence
1632 2851 132 75 Day
1789 2886 21 40 -
1839 2853 366 73 Muscadine
2233 2854 334 72 Methodist
2592 2859 255 70 Church,

253 2940 391 73 Muscadine,
675 2944 307 69 Alabama
1009 2947 84 66 off
1141 2947 144 75 Hwy
1309 2950 100 72 49,
1432 2949 124 76 just
1581 2952 184 73 south
1792 2952 64 73 of
1881 2952 384 73 intersection
2293 2953 132 72 with
2457 2955 163 76 Hwy.
2652 2959 79 72 78

252 3039 52 61 in
336 3040 153 61 East
514 3042 312 61 Cleburne
855 3045 258 76 County.

397 3141 138 75 July
561 3144 39 72 4
627 3174 21 42 -
678 3142 99 73 Mt.
808 3142 268 73 Hermon
1108 3144 289 72 Primitive
1426 3145 228 76 Baptist
1704 3147 238 75 Church
1972 3178 19 43 -
2019 3145 180 76 North
2229 3148 61 73 of
2316 3148 144 75 Hwy
2490 3154 54 69 8.
2575 3157 40 66 3

249 3238 177 60 miles
450 3246 162 52 west
637 3240 63 58 of
723 3240 373 72 Vardaman,
1128 3243 384 75 Mississippi.

397 3337 259 58 Second
685 3339 124 58 and
837 3339 306 75 Saturday
1170 3339 213 75 before
1410 3373 19 40 -
1458 3340 274 73 Cullman
1761 3340 391 73 Courthouse
2178 3373 19 40 -
2226 3342 300 76 Cullman,
2556 3351 321 67 Alabama.

396 3433 258 61 Second
682 3468 21 27 -
732 3436 97 58 Mt.
858 3436 147 58 Zion
1033 3436 241 60 Church
1305 3439 126 57 -18
1459 3436 172 60 miles
1660 3436 166 60 north
1854 3436 63 60 of
1939 3436 225 69 Gordo,
2194 3438 324 67 Alabama.
2550 3447 165 78 Hwy.

246 3535 139 58 159.

391 3630 256 60 Second
678 3663 21 27 -
727 3631 255 75 Springs
1011 3630 199 76 Creek
1258 3630 259 76 Church,
1549 3631 37 75 3
1615 3630 172 76 miles
1812 3637 154 69 west
1992 3630 63 76 of
2080 3631 259 75 Banner.
2373 3639 286 67 Calhoun

238 3729 259 73 County,
531 3727 385 76 Mississippi.

387 3825 306 75 Saturday
723 3825 183 75 (only)
936 3823 214 76 before
1173 3823 108 76 3rd
1309 3823 255 76 Sunday
1590 3855 21 45 -
1636 3823 354 76 Mennonite
2017 3825 238 75 Biblical
2284 3831 328 84 Seminary

234 3922 258 78 Chapel.
526 3922 252 78 Elkhart,
813 3921 262 79 Indiana.

382 4020 306 73 Saturday
717 4018 184 75 (only)
930 4018 213 75 before
1167 4017 108 76 3rd
1302 4017 256 76 Sunday
1584 4050 21 43 -
1632 4017 96 76 Mt.
1756 4018 138 75 Oak
1921 4018 241 75 Church
2190 4054 21 39 -
2238 4027 39 66 5
2305 4027 177 66 miles

231 4119 318 60 northeast
576 4117 63 61 of
660 4116 178 69 Arab,
868 4114 300 70 Alabama
1195 4162 10 22 .

376 4213 306 75 Saturday
712 4212 183 76 (only)
924 4210 213 78 before
1161 4209 108 79 3rd
1296 4209 255 79 Sunday
1578 4243 21 45 -
1623 4210 240 78 Walker
1885 4212 240 78 County
2151 4216 390 73 Convention
2568 4264 21 25 -
2617 4236 147 63 76th

223 4312 258 61 session
510 4344 21 30 -
558 4311 129 73 City
712 4308 381 76 Auditorium,
1120 4306 246 78 Jasper,
1395 4306 301 78 Alabama

372 4408 171 61 Third
570 4440 19 30 -
619 4407 97 63 Mt.
748 4405 214 64 Perion
993 4404 240 66 Church
1260 4435 19 34 -
1308 4405 37 64 7
1374 4404 171 66 miles
1572 4405 169 64 north
1767 4405 64 64 of
1855 4407 336 75 Fruithurst,
2221 4414 306 67 Alabama
2554 4458 21 24 -

220 4509 309 60 Cleburne
558 4504 256 72 County.

1605 4600 37 55 8
