3150 4950
145 205 118 61 and
316 205 132 61 445
504 205 58 61 in
619 223 291 63 memory
963 213 67 73 of
1081 213 189 73 Mack
1318 214 322 72 Wootten,
1693 214 78 72 O.
1830 214 69 72 D.
1953 213 235 73 Oliver,
2239 211 171 75 Vera
2463 211 210 75 Nunn,
2724 210 264 76 Johnny

147 304 364 70 Galbreath,
565 306 186 78 Ruby
799 309 280 75 Conwill,
1132 310 204 78 Ralph
1383 312 249 76 Adams
1678 312 127 76 and
1852 310 204 78 Addie
2103 310 318 78 Sanders.
2473 309 168 79 Loyd
2694 307 142 81 Ivey
2884 306 99 82 led

147 405 124 61 452
312 402 94 64 for
445 403 111 63 the
601 403 316 82 following
964 408 138 78 sick
1144 409 127 76 and
1317 409 301 76 shut-ins,
1668 409 147 76 Mrs.
1864 409 318 76 Clarence
2226 406 228 79 Oliver,
2503 406 108 79 Mr.
2661 405 127 81 and
2836 403 145 82 Mrs.

148 504 222 61 Walter
411 502 250 73 Parker,
709 505 106 70 Mr.
861 507 126 69 and
1032 507 145 69 Mrs.
1224 507 244 76 Forney
1509 508 186 75 Cobb
1734 508 126 75 and
1900 507 325 76 Willodine
2268 505 222 78 Butler.

154 601 286 64 RECESS.

327 702 199 61 David
573 702 142 75 Ivey
754 703 274 79 brought
1065 705 111 78 the
1216 705 385 78 convention
1642 705 297 78 together
1978 703 255 79 leading
2274 718 211 64 songs
2529 718 81 64 on
2655 717 213 66 pages
2908 702 85 81 56

156 804 118 61 and
328 804 151 61 490.
540 801 318 64 Leaders:
915 804 130 61 Phil
1101 804 231 72 Tabor,
1389 804 156 72 29b;
1600 804 300 72 Charles,
1960 802 267 73 Marsha
2280 802 130 73 and
2467 801 213 76 Lacey
2734 799 249 78 Stiefel,

156 903 190 72 312b;
402 901 268 78 Tommy
730 901 271 78 Raines,
1065 906 108 73 63;
1233 903 259 76 Maxine
1549 903 129 76 and
1738 903 295 76 Leonard
2094 903 187 76 Lacy,
2346 903 148 76 146,
2560 901 150 78 101;
2770 898 214 81 Milton

157 1003 219 70 Oliver,
429 1003 153 70 321;
636 1002 289 72 Lucretia
976 1002 327 72 Murdock,
1357 1005 151 69 535;
1563 1003 168 75 Loyd
1783 1002 127 76 and
1965 1002 273 76 Rodney
2290 1000 162 78 Ivey,
2505 1002 154 76 482;
2713 999 273 79 Rodney

160 1104 120 61 and
334 1101 210 64 Karen
603 1101 165 76 Ivey,
823 1104 153 73 358,
1032 1104 157 73 341;
1243 1102 274 75 Randall
1572 1102 202 75 Smith
1830 1102 130 75 and
2013 1101 280 76 Charles
2347 1099 247 78 Stiefel,
2650 1101 154 76 285.
2857 1096 139 81 The

162 1207 544 57 announcements
736 1216 171 48 were
942 1201 190 63 made
1165 1201 124 63 and
1323 1201 109 63 the
1462 1201 177 63 class
1671 1218 166 61 sang
1872 1216 171 63 page
2076 1203 84 76 62
2191 1200 126 79 and
2349 1200 190 79 those
2568 1198 145 81 who
2742 1197 243 82 wished

160 1302 141 61 took
339 1302 108 61 the
487 1300 241 79 parting
775 1300 193 79 hand.
1017 1300 136 79 Bro.
1195 1300 231 79 Jimmy
1467 1300 283 79 Watkins
1791 1300 352 79 dismissed
2187 1299 108 81 the
2337 1299 181 81 class
2557 1297 138 82 with
2740 1311 243 69 prayer.

165 1401 355 70 Chairman,
579 1401 202 70 David
840 1401 163 75 Ivey;
1056 1401 157 75 Vice
1266 1401 370 75 Chairman,
1692 1401 231 75 Shane
1972 1399 324 76 Wootten;
2353 1399 367 76 Secretary,
2779 1396 216 79 Eloise

163 1501 304 58 Wootten.

763 1602 348 79 CROSS
1146 1602 343 79 ROADS
1522 1602 405 79 BAPTIST
1954 1599 423 82 CHURCH

951 1731 39 57 9
1018 1728 175 60 miles
1221 1729 183 58 North
1432 1728 63 60 of
1516 1728 397 78 Tallapoosa,
1941 1726 276 79 Georgia

1341 1827 138 76 July
1504 1830 57 73 2,
1596 1828 163 75 1989

312 1926 130 60 The
478 1926 232 60 annual
748 1926 246 60 Sacred
1036 1926 168 78 Harp
1237 1926 246 78 singing
1519 1941 139 63 was
1695 1924 141 79 held
1875 1930 63 73 at
1972 1924 202 79 Cross
2214 1923 223 81 Roads
2473 1920 238 84 Baptist
2746 1920 249 84 Church

169 2041 75 43 on
286 2025 106 60 the
436 2025 132 60 first
612 2025 271 75 Sunday
928 2025 58 75 in
1027 2025 165 75 July.
1240 2025 136 75 The
1422 2025 181 75 class
1645 2040 142 60 was
1830 2023 208 76 called
2082 2022 298 78 together
2422 2020 82 79 by
2550 2020 67 79 B.
2668 2019 78 81 M.
2796 2017 201 82 Smith

171 2124 237 76 leading
448 2139 210 61 songs
699 2139 82 61 on
823 2139 213 61 pages
1075 2124 132 76 37b
1246 2122 124 78 and
1413 2124 103 76 59.
1557 2122 135 78 The
1735 2121 277 79 morning
2055 2134 226 66 prayer
2313 2134 141 66 was
2496 2118 97 82 led
2635 2118 79 82 by
2757 2115 234 85 Lonnie

172 2223 256 78 Rogers.
472 2221 135 79 The
649 2223 181 78 class
871 2221 348 79 organized
1264 2221 79 79 by
1386 2220 271 81 electing
1699 2220 109 81 the
1848 2218 309 82 following
2200 2217 276 84 officers:
2521 2215 361 85 Chairman,
2929 2214 66 87 B.

174 2322 70 60 M.
304 2322 225 72 Smith;
585 2322 157 72 Vice
802 2320 375 73 Chairman,
1237 2320 271 78 George
1566 2320 271 78 Garner;
1897 2319 370 79 Secretary,
2332 2314 262 84 Mironel
2655 2313 342 85 Swofford;

169 2421 334 78 Arranging
550 2421 409 78 Committee,
1048 2419 244 79 Margie
1338 2419 225 79 Smith;
1609 2418 325 81 Memorial
1983 2416 403 82 Committee,
2437 2415 172 84 Mary
2656 2413 61 85 F.
2767 2412 220 87 Smith.

174 2520 306 60 Leaders:
549 2520 273 76 George
892 2520 277 76 Garner,
1239 2520 109 76 47,
1420 2520 109 76 61;
1599 2517 289 79 Carlene
1954 2515 244 81 Griffin,
2269 2514 154 82 49b,
2500 2514 150 82 171;
2724 2509 265 87 Mironel

174 2617 334 72 Swofford,
585 2622 150 67 155,
811 2620 153 69 108;
1036 2616 252 78 Margie
1357 2616 229 78 Smith,
1663 2617 148 76 112,
1882 2616 109 78 56;
2064 2614 144 79 Don
2277 2611 267 82 Bowen,
2620 2611 150 82 198,
2842 2610 156 84 409;

175 2716 223 60 Marcia
439 2718 324 69 Johnson,
813 2716 151 70 47b,
1014 2718 151 69 217;
1216 2715 237 72 Lonnie
1501 2715 270 75 Rogers,
1827 2712 187 78 176b,
2064 2713 151 76 345;
2260 2710 168 79 Judy
2476 2707 205 82 Hauff,
2730 2709 105 81 29,
2884 2707 106 82 52;

172 2814 124 60 Ted
349 2815 328 70 Johnson,
739 2815 271 70 77,436;
1072 2814 174 73 Mary
1306 2812 61 75 F.
1428 2811 225 76 Smith,
1711 2812 153 75 283,
1924 2811 154 76 270;
2137 2808 267 79 Geroge
2463 2805 315 82 Karduck,
2836 2805 151 82 480,

177 2914 150 58 192.

175 3010 283 60 RECESS.

385 3109 64 60 B.
507 3109 79 60 M.
640 3108 202 61 Smith
897 3106 276 76 brought
1221 3105 111 78 the
1381 3105 181 78 class
1611 3102 300 81 together
1962 3100 253 82 leading
2266 3114 169 69 song
2488 3112 84 70 on
2623 3111 174 72 page
2853 3096 145 87 109.

175 3205 298 61 Leaders:
529 3207 256 60 Connie
843 3205 315 69 Karduck,
1215 3205 151 69 479,
1423 3201 153 73 36b;
1633 3201 64 73 E.
1756 3199 72 75 C.
1888 3199 259 75 Bowen,
2211 3196 189 78 175b,
2457 3193 201 81 275b;
2713 3190 280 84 Melanie

174 3303 198 73 Hauff,
427 3307 151 69 200,
633 3307 156 69 203;
838 3304 127 72 Jim
1020 3303 280 73 Carnes,
1354 3301 150 75 337,
1558 3300 156 76 434;
1767 3295 270 81 Shelbie
2088 3292 369 84 Sheppard,
2509 3292 151 84 296,
2721 3292 147 84 183.
2922 3289 75 87 At

172 3402 114 61 this
330 3405 147 60 time
522 3405 109 60 the
678 3402 328 63 memorial
1054 3402 228 63 lesson
1327 3414 139 51 was
1515 3397 163 67 held.
1728 3396 142 69 Carl
1918 3394 270 78 Hughes
2236 3391 99 81 led
2380 3393 85 79 39
2512 3390 126 82 and
2685 3388 175 84 348b
2904 3388 94 84 for

177 3501 202 63 Elmer
447 3504 240 72 Gable,
762 3502 213 76 Ralph
1044 3499 237 79 Wood,
1353 3496 208 82 Stella
1632 3495 424 84 McWhorter,
2131 3490 243 88 Bertha
2442 3489 282 90 Kilgore,
2796 3487 210 91 Stella

177 3600 322 75 Harwood,
550 3603 66 72 T.
672 3603 70 72 R.
795 3601 268 73 Garner,
1117 3597 202 78 SAIlie
1369 3595 342 79 Chandler,
1765 3592 186 82 Lloyd
2002 3591 262 84 Murphy
2293 3588 129 87 and
2467 3586 225 88 Junior
2736 3586 265 88 Owens.

177 3699 220 63 Lonnie
441 3702 252 78 Rogers
733 3700 99 79 led
876 3699 130 81 68b
1045 3699 127 81 and
1212 3699 84 81 45
1336 3694 94 85 for
1467 3694 132 85 Ben
1639 3693 199 87 Avery
1882 3741 10 39 ,
1935 3690 225 90 Agnes
2200 3688 253 91 Bowen,
2496 3685 244 94 Wayne
2782 3684 211 96 Davis,

174 3799 252 81 George
472 3802 238 78 Martin,
765 3801 31 79 I.
844 3799 69 81 V.
964 3798 393 82 McWhorter
1399 3793 97 87 led
1540 3795 130 85 277
1716 3790 126 90 and
1887 3792 129 88 400
2059 3789 94 91 for
2193 3787 108 93 the
2344 3786 136 94 sick
2524 3784 129 96 and
2695 3783 298 97 shut-ins.

172 3900 124 61 The
354 3903 327 60 memorial
733 3916 142 46 was
928 3898 234 64 closed
1215 3895 142 67 with
1411 3909 231 63 prayer
1692 3892 79 79 by
1825 3889 147 82 Billy
2022 3889 127 82 Joe
2205 3886 231 85 Harris.
2494 3885 157 87 Rev.
2706 3883 291 88 Wendall

175 3999 249 75 Fielder,
469 4000 361 73 welcomed
874 4014 196 60 every
1113 4012 130 61 one
1288 4002 63 72 at
1392 3993 123 81 this
1558 3993 166 81 time.

175 4099 384 63 DISMISSED
583 4101 153 61 FOR
759 4098 265 64 LUNCH.

345 4201 133 60 The
520 4201 340 60 afternoon
901 4195 273 66 session
1215 4209 141 52 was
1396 4189 271 76 brought
1705 4186 297 79 together
2038 4185 84 81 by
2161 4183 264 82 George
2466 4182 250 84 Garner
2754 4180 252 85 leading

171 4312 160 64 song
385 4315 81 61 on
522 4315 177 63 page
757 4299 145 79 164.
963 4293 313 85 Leaders:
1326 4290 181 88 Jerry
1560 4284 366 94 Sheppard,
1981 4285 151 93 464,
2187 4284 153 94 361;
2397 4279 199 99 Kathy
2652 4279 184 99 Krug,
2889 4281 106 97 48,

169 4396 100 73 89;
327 4399 187 78 Hugh
574 4398 321 79 McGraw,
952 4395 154 82 449,
1165 4393 156 84 450;
1375 4387 174 90 John
1609 4384 202 93 Duke,
1875 4384 150 93 146;
2083 4381 234 96 Donna
2370 4378 297 99 Whitton,
2725 4380 105 97 75,
2889 4380 109 97 87;

171 4494 244 79 Harvey
468 4497 250 76 Austin,
783 4495 150 78 101;
1042 4491 253 82 Harvey
1353 4485 225 88 Austin
1633 4483 129 90 and
1870 4480 240 93 Marcia
2161 4479 328 94 Johnson,
2547 4479 154 94 335;
2761 4476 237 97 Evelyn

171 4593 222 76 Harris,
444 4599 153 70 332,
651 4597 156 72 314;
859 4591 259 78 Carlton
1167 4585 228 84 Wood,
1449 4584 267 85 340,78;
1770 4579 271 90 Mozelle
2092 4576 366 93 Sheppard,
2511 4578 151 91 222,
2712 4578 153 91 288;

1548 4686 82 57 95
