3150 4950
1437 259 246 78 JUNE,
1719 259 183 78 1990

390 367 153 63 First
586 370 130 60 and
742 370 315 79 Saturday
1080 373 220 76 before
1324 408 21 42 -
1374 373 169 76 Holly
1569 372 259 78 Springs
1857 369 294 81 Primitive
2176 366 235 84 Baptist
2436 363 274 87 Church-
2736 363 43 87 2

241 468 136 61 mile
405 469 189 60 south
621 469 66 60 of
712 471 289 72 Bremen,
1032 472 294 78 Georgia,
1354 472 87 78 off
1464 472 147 78 Hwy
1635 472 157 78 27,1
1812 472 106 78 -20
1944 471 120 79 exit
2088 469 57 81 3.

394 576 151 60 First
567 609 22 27 -
618 576 219 61 Bethel
865 579 249 60 Church
1140 612 22 27 -
1185 582 43 57 3
1252 579 180 60 miles
1455 585 148 54 east
1626 577 67 61 of
1711 577 219 69 Steen,
1962 571 390 78 Mississippi.

396 675 150 61 First
568 709 22 27 -
619 675 232 78 Liberty
877 676 249 76 Church
1155 711 21 42 -
1200 679 40 73 2
1269 676 175 76 miles
1474 676 169 76 north
1669 675 66 78 of
1759 675 310 78 Henagar,
2100 672 306 81 Alabama
2431 684 81 69 on
2541 667 231 85 Liberty

247 777 199 60 Road.
478 775 177 61 From
682 774 303 79 Henagar
1006 777 288 76 crossing
1321 775 144 78 take
1492 775 147 78 Hwy
1663 777 84 76 40
1771 774 177 79 West
1971 778 63 75 to
2058 771 106 82 the
2191 769 249 84 Farmer
2463 765 366 88 Telephone

249 874 436 78 Cooperative.
712 873 159 79 Turn
901 874 148 78 right
1074 874 126 78 and
1225 891 85 61 go
1333 882 63 70 to
1422 874 169 78 dead
1617 873 144 79 end.
1789 871 157 81 Turn
1975 870 165 82 right.
2167 868 172 84 Take
2364 867 124 85 first
2515 865 99 87 left
2640 868 145 84 past

252 975 297 78 Henagar
573 973 337 79 Methodist
936 973 247 79 Church
1212 979 147 73 onto
1386 972 229 81 Liberty
1642 972 198 81 Road.
1870 969 246 84 Church
2146 984 78 69 on
2256 966 147 87 right
2427 964 156 88 after
2605 976 253 76 approx.

255 1078 100 58 1.5
385 1074 193 63 miles.

405 1174 148 61 First
577 1207 21 28 -
627 1174 153 61 Pine
802 1173 208 76 Tucky
1036 1173 247 76 Church
1309 1206 22 43 -
1357 1176 40 73 5
1426 1171 175 78 miles
1629 1171 183 78 south
1842 1170 64 79 of
1929 1167 241 82 Double
2199 1165 276 84 Springs,
2503 1164 324 85 Alabama,

255 1275 126 60 and
411 1278 24 57 1
472 1273 141 61 mile
636 1278 148 57 east
808 1272 66 63 of
895 1272 150 76 Hwy
1074 1273 141 75 195.

409 1374 147 60 First
580 1407 21 27 -
628 1372 313 61 Sherman
970 1371 235 78 Baptist
1231 1369 273 79 Church-
1533 1369 190 79 Hilton
1753 1368 223 81 Roane
2005 1365 313 84 Memorial
2346 1398 21 51 -
2395 1363 145 85 Hwy
2566 1363 102 85 32,
2700 1363 106 85 -10

261 1473 175 61 miles
459 1477 162 57 west
646 1471 63 63 of
735 1471 217 70 Bruce,
982 1468 390 79 Mississippi.

411 1573 258 60 Second
720 1570 124 63 and
871 1570 309 75 Saturday
1206 1569 219 76 before
1452 1602 19 43 -
1501 1567 310 78 Hopewell
1866 1564 289 81 Primitive
2185 1563 232 82 Baptist
2445 1560 244 85 Church
2719 1591 19 54 -

264 1672 312 78 Hopewell
606 1671 483 79 Homecoming-
1114 1671 37 79 6
1182 1669 175 81 miles
1383 1674 147 76 east
1554 1666 63 84 of
1639 1666 312 84 Oneonta,
1981 1663 322 87 Alabama,
2340 1663 19 87 1
2401 1660 136 90 mile
2562 1663 147 87 east
2734 1657 64 93 of

261 1773 300 60 Oneonta
582 1771 247 78 Airport.

415 1870 286 60 Second-
727 1869 372 78 Alpharetta,
1128 1866 292 81 Georgia,
1453 1863 321 84 Municipal
1800 1861 387 85 Auditorium.

415 1971 288 58 Second-
730 1969 303 60 Pleasant
1056 1966 105 63 Hill
1186 1965 246 64 Church
1461 1998 19 31 -
1504 1965 292 64 Johnson
1822 1960 234 69 School
2085 1960 220 69 House
2332 1990 19 39 -
2376 1956 286 76 Aldridge

270 2068 312 61 Memorial
610 2101 21 28 -
660 2067 255 76 Fayette
942 2067 261 76 County,
1231 2064 324 79 Alabama,
1584 2079 81 64 on
1695 2062 145 81 Hwy
1864 2062 102 81 44,
1993 2059 117 84 Old
2142 2058 252 85 Fayette
2424 2055 196 88 Road.

418 2169 259 60 Second
706 2200 21 28 -
756 2166 99 63 Mt.
883 2166 247 63 Vernon
1159 2163 294 66 Primitive
1482 2161 232 78 Baptist
1741 2160 244 79 Church
2013 2160 129 79 -13
2170 2157 175 82 miles
2374 2155 321 84 northeast
2719 2151 64 88 of

271 2268 298 70 Cullman,
597 2266 310 72 Alabama
930 2281 82 57 on
1041 2265 147 73 Hwy
1213 2265 99 73 69,
1344 2262 279 76 Cullman
1650 2266 63 72 to
1737 2259 180 79 Arab,
1945 2257 321 81 Alabama.

421 2365 258 60 Second
708 2397 21 28 -
759 2364 150 61 New
934 2362 181 76 Hope
1144 2361 292 78 Primitive
1467 2359 232 79 Baptist
1725 2356 264 82 Church,
2019 2371 126 67 one
2172 2353 136 85 mile
2332 2358 145 81 east
2505 2350 63 88 of
2589 2349 145 90 Villa

273 2464 168 72 Rica,
469 2463 294 78 Georgia,
787 2463 126 78 just
937 2461 87 79 off
1045 2461 148 79 Hwy
1219 2461 102 79 78.

423 2563 258 60 Second
711 2595 21 28 -
757 2562 142 61 Oak
924 2560 261 76 Springs
1210 2557 246 79 Church
1485 2590 21 46 -
1530 2559 39 78 3
1599 2556 174 81 miles
1803 2554 168 82 north
1999 2553 63 84 of
2088 2553 286 84 Derman,
2407 2545 390 91 Mississippi.

420 2662 171 61 June
615 2695 21 28 -
667 2662 315 69 14,15,16,
1059 2661 192 70 1990-
1278 2656 288 75 Samford
1596 2653 352 78 University,
1980 2650 429 81 Birmingham,
2434 2647 310 84 Alabama
2769 2677 19 54 -

277 2763 277 60 National
585 2760 240 63 Sacred
855 2760 166 76 Harp
1044 2758 255 78 Singing
1327 2755 388 81 Convention
1743 2787 21 49 -
1789 2755 39 81 3
1855 2752 178 84 days.

426 2860 309 75 Saturday
763 2859 186 76 (only)
979 2857 217 78 before
1221 2856 105 79 the
1350 2854 109 81 3rd
1488 2853 258 82 Sunday
1774 2884 19 51 -
1818 2850 385 85 Addingston
2230 2845 241 90 Chapel
2502 2842 244 93 Church
2773 2844 130 91 -15

279 2959 175 61 miles
480 2959 364 61 Southwest
867 2956 66 64 of
955 2956 300 69 Cullman,
1284 2953 322 72 Alabama.
1636 2985 21 40 -
1683 2953 40 72 4
1750 2950 177 75 miles
1953 2949 85 76 off
2062 2947 145 78 Hwy
2233 2947 82 78 69
2341 2950 63 75 at
2427 2943 280 82 Wilburn,

277 3058 306 61 Alabama
609 3057 180 78 (Bug
814 3055 271 79 Tussle).

426 3159 177 61 Third
628 3192 19 28 -
675 3157 88 63 St.
795 3156 264 64 Michael
1084 3153 249 67 Church
1360 3187 21 33 -
1405 3154 40 66 4
1474 3151 175 69 miles
1677 3148 171 72 north
1873 3148 66 72 of
1963 3147 339 73 Fruithurst,
2331 3142 324 78 Alabama,

279 3259 310 61 Cleburne
618 3259 261 73 County.

427 3358 175 61 Third
628 3391 21 28 -
678 3355 318 79 Hopewell
1021 3354 298 81 Primitive
1347 3352 232 82 Baptist
1605 3349 262 85 Church,
1894 3351 43 84 2
1968 3349 99 85 1/2
2094 3345 177 90 miles
2295 3349 145 85 east
2466 3342 64 93 of
2553 3340 298 94 Ephesus

280 3459 232 61 School
541 3474 81 46 on
651 3457 300 78 Ephesus
978 3454 124 81 and
1131 3450 400 85 Roosterville
1561 3448 196 87 Road,
1789 3445 289 90 Georgia.

430 3559 174 60 Third
631 3591 21 28 -
682 3556 150 78 King
859 3553 234 81 School
1123 3553 219 81 House
1369 3585 21 49 -
1416 3553 40 81 3
1483 3549 175 85 miles
1687 3547 331 87 northwest
2044 3544 61 90 of
2131 3544 180 90 Lynn,
2340 3541 324 93 Alabama,
2695 3537 121 97 and

277 3658 124 78 just
424 3658 87 78 off
535 3658 148 78 Hwy
708 3658 145 78 278.

432 3757 174 60 Third
633 3789 21 28 -
682 3754 160 63 Little
868 3753 154 64 Vine
1048 3748 246 69 Church
1324 3781 21 36 -
1374 3762 151 55 near
1551 3744 256 78 Empire,
1837 3742 322 79 Alabama,
2188 3754 81 67 on
2295 3738 180 84 Oaky
2502 3736 231 85 Hollow
2758 3735 111 87 Rd.

432 3855 175 61 Third
633 3888 21 28 -
682 3853 303 63 Pleasant
1009 3849 211 73 Valley
1246 3844 244 78 Church
1518 3877 21 45 -
1563 3847 40 75 4
1632 3843 175 79 miles
1833 3840 201 82 South
2059 3840 66 82 of
2146 3838 259 84 Gallant,
2436 3835 322 87 Alabama,

285 3955 145 73 Hwy
454 3957 103 72 35,
591 3952 204 76 Ivalee
819 3957 63 72 to
904 3948 267 81 junction
1198 3945 136 84 with
1363 3943 142 85 U.S.
1558 3942 144 87 Hwy
1728 3940 145 88 231.

432 4053 177 60 Third
634 4084 21 28 -
684 4047 382 66 Macedonia
1092 4042 247 70 Church
1365 4074 21 39 -
1411 4044 42 69 4
1480 4039 177 73 miles
1680 4036 186 76 south
1894 4035 63 78 of
1980 4035 274 78 Section,
2283 4032 322 81 Alabama,
2629 4030 285 82 Jackson

283 4153 244 75 County
553 4185 21 43 -
601 4153 40 75 7
669 4149 180 79 miles
876 4146 336 82 northwest
1237 4141 64 87 of
1327 4140 183 88 Fyffe,
1540 4137 322 91 Alabama,
1891 4149 81 79 on
2002 4132 144 96 Hwy
2170 4137 63 91 to
2260 4129 273 99 Section,
2560 4129 129 99 Ala.

436 4251 220 61 Fourth
684 4248 127 64 and
838 4245 310 75 Saturday
1176 4240 217 79 before
1419 4272 21 48 -
1467 4236 216 84 Shady
1711 4234 205 85 Grove
1944 4230 244 90 Church
2215 4264 21 55 -
2262 4231 39 88 3
2331 4228 174 91 miles
2533 4227 171 93 north
2731 4227 64 93 of

285 4353 244 61 Double
555 4350 280 79 Springs,
865 4345 325 84 Alabama,
1221 4341 99 88 On
1348 4338 163 91 Hwy.
1548 4338 138 91 195.

436 4450 222 66 Fourth
685 4483 21 33 -
736 4447 268 78 DeLong
1033 4438 315 87 Memorial
1378 4471 19 54 -
1426 4437 330 88 Ebenezer
1780 4431 264 94 Church,
2077 4428 388 97 intersection
2494 4426 64 99 of
2583 4426 267 99 Roberts

283 4555 183 63 Road
495 4554 126 64 and
648 4549 303 81 Spalding
979 4546 195 84 Drive,
1207 4539 381 91 Dunwoody,
1618 4534 291 96 Georgia.

1776 4635 39 58 7
