3150 4950
132 207 358 79 Sheppard,
540 210 157 76 408;
748 208 249 78 Pennia
1048 211 316 78 Bosarge,
1419 213 148 76 144;
1620 210 180 79 Hilda
1846 208 330 81 Morrison,
2229 208 108 81 35;
2380 205 181 84 Jerry
2610 199 369 90 Sheppard,

135 313 138 67 565,
322 306 198 75 569b;
570 307 145 73 Lois
762 309 316 72 Stanson.

138 408 288 67 RECESS.

276 507 264 64 Richard
577 507 274 79 DeLong
885 510 205 76 called
1126 508 106 78 the
1264 508 178 78 class
1476 507 292 79 together
1801 504 247 82 leading
2083 519 168 67 song
2286 517 81 69 on
2404 516 172 70 page
2608 501 150 85 302.
2797 498 66 88 B.
2902 496 78 90 M.

141 610 214 72 Smith,
415 610 147 72 182.
619 609 54 73 A
726 609 243 73 motion
1020 624 144 58 was
1218 607 199 75 made
1470 609 129 73 and
1651 604 352 78 seconded
2058 610 64 72 to
2175 618 87 64 go
2319 601 126 81 into
2497 600 109 82 the
2662 597 322 85 business

142 711 276 64 session.
465 709 136 66 The
649 708 283 67 Finance
981 714 208 70 report
1230 723 141 61 was
1414 706 208 78 given.
1674 703 376 81 Resolution
2098 700 387 84 Committee
2533 703 226 81 report:
2809 697 172 87 First,

142 829 93 45 we
280 816 168 58 want
496 816 64 58 to
610 808 201 66 thank
861 807 147 67 God
1059 807 97 67 for
1203 807 124 67 this
1380 804 403 79 opportunity
1830 804 138 79 that
2014 817 100 66 we
2167 801 118 82 live
2338 799 54 84 in
2446 814 40 69 a
2535 799 139 84 free
2724 801 259 82 county,

144 912 210 61 where
402 924 100 49 we
555 922 124 51 can
733 906 199 67 travel
984 906 99 67 far
1132 904 132 69 and
1320 919 159 54 near
1527 909 64 64 to
1644 901 144 78 sing
1843 900 262 79 praises
2161 904 153 75 unto
2364 897 112 82 the
2530 895 159 84 Lord
2740 894 99 85 for
2889 892 99 87 his

148 1009 333 81 goodness
528 1005 240 85 toward
819 1021 99 69 us.
969 1003 349 87 Secondly,
1365 1018 100 72 we
1510 1008 171 82 want
1726 1006 63 84 to
1834 999 199 91 thank
2079 999 75 91 all
2202 997 261 93 singers
2511 994 127 96 and
2689 994 300 96 listeners

150 1111 145 60 from
339 1108 94 63 far
469 1105 129 66 and
643 1120 163 51 near
843 1105 96 66 for
981 1102 253 78 making
1278 1102 124 78 this
1444 1101 252 79 singing
1741 1116 130 64 one
1915 1098 67 82 of
2019 1098 109 82 the
2172 1101 292 79 greatest
2505 1110 172 70 ever.
2724 1092 262 88 Thirdly,

148 1227 94 43 we
282 1213 166 57 want
492 1212 63 58 to
601 1204 196 66 thank
840 1204 109 66 the
996 1201 444 78 membership
1483 1200 66 79 of
1593 1200 310 79 Emmaus
1953 1197 306 82 Primitive
2307 1194 246 85 Baptist
2596 1192 255 87 Church
2899 1191 94 88 for

154 1308 250 76 hosting
469 1305 129 79 this
661 1303 261 81 singing
991 1302 55 82 in
1113 1302 165 82 their
1339 1299 315 85 beautiful
1720 1314 147 70 new
1929 1296 309 88 building,
2304 1294 208 90 which
2581 1293 54 91 is
2700 1308 40 76 a
2802 1296 190 88 great

156 1405 349 81 inspiration
547 1404 202 82 within
798 1402 180 84 itself.
1027 1401 270 85 Lastley,
1341 1416 100 70 we
1486 1399 172 87 hope
1698 1414 100 72 we
1843 1398 166 88 have
2052 1393 367 93 conducted
2466 1392 342 94 ourselves
2853 1390 54 96 in
2952 1405 40 81 a

153 1522 132 61 way
325 1506 130 78 that
493 1521 141 63 was
676 1501 297 82 pleasing
1018 1501 127 82 and
1191 1500 270 84 brought
1506 1498 201 85 honor
1747 1504 61 79 to
1852 1497 103 87 thy
2002 1512 211 72 name.
2263 1492 402 91 Committee,
2715 1491 279 93 Geneva

157 1606 303 70 Prichard,
513 1605 55 72 L.
621 1603 55 73 L.
729 1603 255 78 Rogers
1029 1602 130 79 and
1201 1600 234 81 Jimmy
1480 1599 292 82 Denney.
1824 1596 301 85 Locating
2170 1593 408 88 Committee,
2626 1591 112 90 will
2785 1594 210 87 report

156 1707 198 61 within
408 1705 160 76 sixty
622 1704 189 78 days.
873 1702 136 79 End
1066 1701 67 81 of
1185 1701 322 81 business
1560 1698 297 84 session.
1917 1696 292 85 Leaders
2263 1693 210 88 called
2529 1707 196 75 were:
2784 1690 207 91 Helen

160 1809 264 75 Bryson,
492 1807 159 76 300;
718 1803 288 81 Geneva
1074 1800 328 84 Prichard,
1477 1801 151 82 142;
1698 1797 280 87 Shelton
2044 1794 427 90 Williamson,
2541 1794 157 90 269;
2763 1789 238 94 Jimmy

162 1908 288 72 Denney,
517 1905 154 75 491;
741 1902 181 78 Ross
988 1900 402 79 Chambers,
1461 1900 148 79 164.
1678 1897 177 82 After
1915 1896 114 84 the
2092 1896 613 84 announcements,
2776 1888 223 91 Felton

163 2007 258 72 Denney
462 2002 124 76 and
633 2001 267 78 Richard
945 1999 273 79 DeLong
1261 1998 99 81 led
1402 2013 166 66 song
1612 2011 81 67 on
1737 2010 172 69 page
1951 1995 82 84 62
2076 2008 78 70 as
2193 1992 109 87 the
2340 1990 247 88 closing
2626 2004 190 75 song.
2859 1987 136 91 The

160 2101 373 63 convention
576 2116 142 48 was
759 2100 153 64 then
955 2097 357 67 dismissed
1354 2095 139 69 with
1540 2109 228 61 prayer
1809 2092 81 78 by
1930 2091 256 79 William
2233 2088 331 82 Headrick.

163 2202 363 70 Chairman,
594 2199 223 73 Felton
885 2197 300 75 Denney;
1248 2196 157 76 Vice
1468 2193 375 79 Chairman,
1912 2190 277 82 Richard
2257 2188 303 84 DeLong;
2626 2185 373 87 Secretary,

163 2301 307 60 Charlene
505 2298 298 63 Wallace.

550 2401 606 81 BETHLEHEM
1198 2397 492 85 PRIMITIVE
1726 2392 414 90 BAPTIST
2170 2389 429 93 CHURCH

1284 2523 259 72 Gallant,
1573 2521 306 73 Alabama

1314 2625 207 60 March
1549 2625 100 69 26,
1686 2625 163 69 1989

360 2731 133 60 The
543 2728 235 63 annual
828 2727 250 64 Sacred
1129 2725 171 76 Harp
1347 2722 264 79 Singing
1663 2721 142 81 held
1855 2725 64 76 at
1968 2718 379 84 Bethlehem
2398 2715 307 87 Primitive
2755 2712 244 90 Baptist

163 2830 244 60 Church
448 2845 141 45 was
630 2827 208 63 called
879 2833 66 57 to
990 2826 186 64 order
1213 2824 139 66 with
1393 2821 331 69 Jonathan
1770 2818 300 72 Blakeley
2115 2815 252 76 leading
2409 2829 213 63 songs
2664 2827 84 64 on
2791 2826 214 66 pages

163 2931 79 57 87
282 2929 123 58 and
445 2929 103 58 59.
594 2926 223 61 Lamar
855 2925 198 63 Smith
1096 2922 99 66 led
1236 2922 108 66 the
1386 2919 280 76 morning
1708 2932 240 63 prayer.
1992 2916 135 79 The
2164 2914 181 81 class
2385 2910 345 85 organized
2770 2910 94 85 for
2901 2908 106 87 the

165 3027 121 75 day
339 3027 81 75 by
469 3025 282 76 electing
807 3039 70 63 or
928 3021 379 81 appointing
1360 3019 111 82 the
1522 3016 318 85 following
1896 3013 283 88 officers:
2238 3010 373 91 Chairman,
2662 3007 336 94 Jonathan

168 3124 327 75 Blakeley,
570 3124 160 75 Vice
805 3121 382 78 Chairman,
1269 3117 300 82 Douglas
1642 3115 216 84 Conn;
1935 3112 381 87 Secretary,
2394 3108 193 91 Chita
2659 3105 340 94 Blakeley;

165 3222 337 78 Arranging
555 3220 408 79 Committee,
1017 3216 292 84 Douglas
1360 3216 202 84 Conn.
1612 3211 330 88 Jonathan
1996 3208 301 91 Blakeley
2344 3207 151 93 then
2550 3204 99 96 led
2697 3219 171 81 song
2919 3217 81 82 on

166 3337 166 61 page
382 3322 123 76 135
549 3319 94 79 for
687 3319 97 79 his
828 3316 150 82 dad,
1023 3315 289 84 Waylon,
1359 3313 142 85 who
1546 3312 54 87 is
1645 3310 57 88 in
1750 3307 307 91 England.
2107 3306 309 93 Leaders:
2464 3301 291 97 Douglas
2800 3301 207 97 Conn,

171 3421 145 69 111,
385 3421 156 69 285;
612 3417 196 73 Chita
876 3414 337 76 Blakeley,
1285 3414 108 76 30,
1465 3411 109 79 47;
1642 3409 58 81 J.
1771 3408 66 82 T.
1911 3406 214 84 Conn,
2202 3405 150 85 122,
2428 3403 150 87 123,
2650 3402 111 88 48;
2830 3399 175 91 Vera

171 3517 330 76 Blakeley,
573 3517 283 76 57,168;
931 3514 249 79 Homer
1251 3510 337 84 Brothers,
1669 3508 150 85 100,
1899 3504 201 90 111b,
2179 3504 154 90 142;
2407 3498 319 96 Deborah
2802 3496 210 97 Ritch,

168 3619 343 70 312,480.

172 3717 288 60 RECESS.

336 3816 327 60 Jonathan
708 3811 298 75 Blakeley
1048 3807 271 79 brought
1357 3805 108 81 the
1504 3804 180 82 class
1722 3801 297 85 together
2058 3798 252 88 leading
2352 3813 166 73 song
2562 3811 84 75 on
2689 3810 171 76 page
2901 3795 105 91 61.

172 3915 312 60 Leaders:
553 3915 291 60 Carmon
916 3907 315 67 Brothers
1300 3903 130 72 and
1503 3903 282 72 Preston
1854 3900 334 75 Brothers,
2260 3898 135 76 294
2464 3895 55 79 in
2593 3909 294 66 memory
2955 3892 67 82 of

169 4014 343 61 Preston"s
565 4012 154 72 dad,
777 4011 223 73 Oscar
1054 4005 327 79 Brothers,
1438 4003 151 81 490,
1648 4002 154 82 499;
1861 3997 196 87 Linda
2109 3997 312 87 Thomas,
2476 3996 154 88 373,
2689 3994 106 90 97,
2853 3993 154 91 290,

168 4116 79 58 83
298 4114 94 60 for
445 4113 193 61 Louie
693 4110 271 70 Battles;
1017 4104 205 78 Alpah
1279 4101 211 81 Black,
1548 4101 105 81 73,
1705 4099 153 82 343,
1911 4099 156 82 345;
2121 4095 249 87 Pearlie
2424 4092 376 90 Galbreath,
2862 4092 148 90 134;

171 4213 156 76 Hoyt
375 4213 306 76 Renfroe,
733 4209 151 81 39b,
937 4207 105 82 34,
1101 4204 148 85 137;
1302 4201 171 88 Nora
1521 4197 247 93 Collett,
1819 4197 150 93 217,
2020 4197 151 93 298.

171 4312 291 61 RECESS.

301 4414 132 60 The
493 4413 178 61 class
708 4404 303 70 resumed
1045 4401 246 78 singing
1324 4398 138 81 with
1500 4393 282 85 Douglas
1816 4395 180 84 Conn
2061 4390 247 88 leading
2341 4407 165 72 song
2542 4405 81 73 on
2658 4404 172 75 page
2863 4389 145 90 569.

168 4512 310 63 Leaders:
535 4509 237 66 Orville
831 4506 210 76 Hyatt,
1099 4501 154 81 274,
1312 4498 156 84 275,
1525 4495 157 87 300;
1735 4492 216 90 Jason
2010 4491 205 91 Ritch,
2281 4491 145 91 153,
2484 4492 108 90 56,
2658 4488 150 94 133;
2868 4485 154 97 Kyle

169 4612 313 78 Blakeley,
531 4611 151 79 76b;
730 4608 174 82 Mary
952 4602 169 88 Ellen
1171 4599 351 91 Baucmon,
1567 4594 105 96 46,
1725 4593 144 97 146,
1914 4591 150 99 335;
2110 4590 57 100 L.
2217 4588 69 102 H.
2335 4585 424 105 Underwood,

1554 4693 84 60 37
