3150 4950
135 147 277 61 memory
463 132 67 76 of
576 132 280 76 Andrew
907 136 165 78 Ivey.

138 232 289 64 RECESS.

367 334 204 61 David
631 336 145 78 Ivey
831 337 279 79 brought
1161 337 111 79 the
1324 339 186 78 class
1563 337 304 79 together
1920 334 258 82 leading
2232 349 172 67 song
2460 348 84 69 on
2599 346 177 70 page
2829 330 153 87 565.

141 436 300 64 Leaders:
493 435 199 78 Ricky
742 436 322 76 Harcrow,
1116 439 151 73 572,
1321 442 153 70 505;
1570 438 229 75 Lamar
1843 435 225 78 Smith,
2121 432 346 81 "Beautiful
2520 432 226 81 Land";
2797 429 69 84 S.
2917 427 66 85 T.

144 537 198 72 Reed,
406 537 106 72 57,
576 538 111 70 64;
750 537 151 72 Mrs.
963 537 330 72 Williams,
1356 538 153 70 339,
1570 538 156 70 457;
1788 535 214 73 Milton
2061 532 237 76 Oliver,
2361 534 156 75 405;
2575 529 198 79 Willie
2835 528 151 81 Mae

145 637 153 70 Holt,
358 637 156 70 269;
577 634 208 73 Roxie
847 636 210 76 Duffy,
1125 636 193 76 145b,
1381 637 156 75 358;
1599 634 228 78 Susan
1890 633 322 79 Harcrow,
2278 633 150 79 192;
2491 630 160 82 Pam
2712 627 271 85 Adams,

148 739 141 67 186;
345 735 276 75 Rodney
678 735 166 76 Ivey,
898 736 157 75 337;
1111 735 178 76 Tony
1341 733 132 78 and
1527 733 261 78 Sandra
1845 732 163 79 Ivey,
2064 733 106 78 84,
2233 732 148 79 143;
2439 727 244 84 Marion
2740 726 244 85 Biddle,

147 834 355 78 "Trusting".
550 834 174 78 After
766 840 574 72 announcements
1383 849 172 63 were
1602 834 193 78 made
1842 829 199 82 David
2088 829 127 82 and
2260 828 175 84 Tony
2485 826 139 85 Ivey
2671 825 100 87 led
2818 840 168 72 song

150 952 78 45 on
279 949 172 64 page
511 934 147 79 146.
715 933 225 81 Those
993 933 147 81 who
1191 933 253 81 wished
1497 931 154 82 took
1702 931 111 82 the
1866 930 246 84 parting
2170 927 195 87 hand.
2421 927 138 87 The
2611 925 184 88 class
2847 939 142 75 was

148 1033 343 63 dismissed
537 1033 82 75 by
664 1032 189 76 Elder
894 1032 193 76 Ricky
1132 1032 315 76 Harcrow.

154 1132 351 70 Chairman,
558 1131 201 72 David
810 1131 162 75 Ivey,
1023 1131 363 75 Secretary,
1438 1129 216 76 Eloise
1698 1129 319 76 Wootten.

1062 1234 217 78 PINE
1303 1233 331 81 TUCKY
1659 1230 418 84 CHURCH

1122 1362 279 60 Winston
1428 1360 261 76 County,
1717 1359 307 78 Alabama

1342 1461 169 61 June
1537 1462 57 70 4,
1629 1462 165 70 1989

300 1564 130 60 The
465 1561 234 63 annual
736 1561 247 63 Sacred
1023 1561 168 78 Harp
1225 1561 259 78 Singing
1522 1560 144 79 held
1704 1566 63 73 at
1801 1558 153 81 Pine
1987 1557 210 82 Tucky
2233 1555 249 84 Church
2517 1570 139 69 was
2689 1551 205 88 called
2929 1558 63 81 to

159 1663 178 63 order
379 1663 81 76 by
504 1662 130 78 Tim
682 1662 283 78 Gilmore
1012 1660 258 79 leading
1317 1677 214 63 songs
1575 1675 87 64 on
1707 1674 217 66 pages
1968 1657 135 82 33b
2146 1656 129 84 and
2320 1654 151 85 37b.
2521 1653 138 87 The
2706 1651 286 88 morning

162 1779 214 64 prayer
412 1779 142 64 was
600 1762 97 81 led
742 1761 82 82 by
870 1761 96 82 Dr.
1017 1761 201 82 Doyle
1258 1761 318 82 Williams.
1621 1759 135 84 The
1798 1758 180 85 class
2019 1773 142 70 was
2205 1753 346 90 organized
2596 1753 78 90 by
2716 1750 274 93 electing

162 1864 102 61 the
325 1863 321 78 following
714 1861 294 79 officers:
1075 1860 376 81 Chairman,
1518 1858 132 82 Tim
1717 1858 309 82 Gilmore;
2091 1855 159 85 Vice
2313 1854 378 87 Chairman,
2760 1851 244 90 Robert

162 1963 310 78 Aldridge;
528 1962 372 79 Secretary,
961 1960 147 81 Lisa
1162 1960 307 81 Gilmore;
1524 1957 354 84 Arranging
1935 1956 393 85 Committee
2377 1953 175 88 John
2610 1951 205 90 Hyde.
2872 1950 130 91 Tim

165 2062 267 60 Gilmore
478 2062 154 60 then
682 2061 103 61 led
834 2076 171 61 song
1057 2076 81 61 on
1189 2074 175 63 page
1411 2058 196 79 345b.
1662 2056 307 81 Leaders:
2023 2055 198 82 Doyle
2269 2052 321 85 Williams,
2644 2052 145 85 142,
2847 2052 147 85 155;

165 2160 217 60 Arnold
442 2160 243 70 Moore,
741 2160 154 70 371,
951 2160 156 70 373;
1165 2157 325 76 Margaret
1543 2155 273 78 Keeton,
1872 2154 153 79 39b,
2080 2154 154 79 303;
2292 2149 240 84 Hubert
2586 2146 207 87 Hood,
2850 2148 150 85 340,

165 2262 142 67 480;
357 2259 145 70 Lola
550 2257 360 72 Robinson,
960 2259 151 70 546,
1161 2257 154 72 217;
1365 2254 136 75 Bob
1549 2253 261 76 Fannin,
1858 2251 153 78 80b;
2062 2250 192 79 Hollis
2302 2248 292 81 Godsey,
2643 2248 151 81 460,
2842 2245 154 84 436;

168 2358 166 60 Cecil
391 2356 322 70 Sanders,
775 2358 153 69 498,
990 2356 156 70 348;
1207 2353 202 73 Roxie
1470 2352 274 75 Keeton,
1803 2352 153 75 349,
2016 2350 154 76 382;
2230 2347 226 79 Benny
2515 2344 274 82 Keeton,
2848 2344 153 82 378,

168 2458 156 58 384.

171 2554 285 58 RECESS.

324 2652 132 60 The
493 2652 180 60 class
714 2649 304 63 resumed
1059 2647 249 78 singing
1347 2647 138 78 with
1528 2646 234 79 Robert
1798 2643 289 82 Aldridge
2128 2640 249 85 leading
2418 2653 208 72 songs
2664 2652 84 73 on
2787 2650 211 75 pages

169 2752 64 58 81
294 2751 124 60 and
474 2752 145 58 112.
675 2749 312 61 Leaders:
1036 2748 136 63 Ora
1222 2746 126 64 Lee
1401 2743 261 70 Fannin,
1714 2745 148 69 389,
1923 2743 147 70 143;
2119 2739 159 75 Arlie
2329 2737 261 76 Harper,
2643 2737 151 76 388,
2851 2736 147 78 124;

174 2850 352 60 Rosaaltha
576 2848 247 76 Taylor,
879 2848 154 76 426;
1090 2845 147 79 Lisa
1288 2844 301 81 Gilmore,
1645 2844 153 81 383,
1854 2842 150 82 440,
2059 2839 154 85 294;
2266 2835 220 90 Travis
2542 2833 270 91 Keeton,
2869 2833 117 91 321

169 2949 88 60 for
301 2949 267 61 Howard
618 2949 277 75 Godsey
940 2946 145 78 who
1137 2946 51 78 is
1234 2944 141 79 sick
1422 2943 126 81 and
1596 2941 57 82 in
1701 2941 106 82 the
1858 2938 294 85 hospital,
2202 2938 132 85 482
2377 2935 97 88 for
2515 2934 144 90 Ada
2703 2931 294 93 Godsey.

174 3048 214 61 Pernie
438 3049 268 75 Pelfrey,
762 3049 148 75 146;
963 3046 57 78 L.
1074 3045 64 79 E.
1194 3043 297 81 Hannah,
1539 3043 105 81 83,
1692 3042 153 82 323;
1899 3039 61 85 B.
2016 3039 64 85 B.
2134 3036 253 88 Mattox,
2439 3036 151 88 421,
2640 3034 106 90 42;
2797 3031 208 93 Elmer

172 3148 268 72 Conwill,
501 3150 106 70 44,
666 3150 154 70 386.

174 3246 384 63 DISMISSED
579 3247 156 61 FOR
756 3244 267 64 LUNCH.

330 3346 133 61 The
502 3346 337 61 afternoon
879 3343 268 64 session
1188 3357 142 51 was
1368 3339 202 69 called
1611 3336 294 78 together
1941 3334 79 79 by
2058 3334 127 79 Tim
2227 3331 273 82 Gilmore
2544 3328 249 85 leading
2835 3342 166 72 song

175 3460 73 45 on
300 3462 171 61 page
526 3448 147 75 122.
730 3444 312 79 Leaders:
1093 3441 157 82 Tom
1303 3439 262 84 Harper,
1624 3438 145 85 172,
1821 3436 153 87 392,
2025 3436 151 87 500;
2229 3430 252 93 Aubrey
2535 3426 262 97 Fannin,
2857 3427 142 96 100,

174 3544 99 70 64;
319 3544 189 70 Josie
564 3544 207 75 Hyde,
825 3544 154 75 300,
1033 3541 159 78 224;
1245 3537 192 82 Carol
1491 3534 264 85 Fannin,
1815 3534 145 85 108,
2014 3532 111 87 47;
2179 3529 228 90 Clercy
2461 3526 343 93 Rutledge,
2859 3525 151 94 290,

174 3643 97 70 30;
328 3643 171 76 Faye
555 3642 411 78 Donaldson,
1021 3640 151 79 270,
1234 3637 150 82 168;
1437 3633 133 87 Ted
1626 3633 295 87 Godsey,
1981 3630 148 90 147,
2185 3628 153 91 467;
2395 3622 295 97 Kenneth
2748 3621 262 99 Fannin,

178 3742 135 72 114,
370 3744 153 72 417;
576 3742 177 73 John
811 3738 204 78 Hyde,
1074 3738 198 78 2755,
1332 3736 106 79 90;
1492 3730 220 85 Travis
1768 3729 274 87 Keeton,
2097 3727 153 88 343,
2307 3726 153 90 205;
2514 3721 132 94 Tim
2701 3720 301 96 Gilmore,

172 3843 141 72 208,
364 3846 132 69 376
546 3843 99 72 for
691 3841 57 73 L.
805 3840 73 75 H.
933 3837 130 78 and
1117 3834 243 81 Estelle
1410 3832 304 82 Gilmore;
1767 3828 210 87 Elmer
2022 3823 282 91 Conwill,
2361 3825 147 90 179,
2560 3823 105 91 73,
2718 3822 109 93 45;
2877 3819 133 96 Ora

175 3940 115 61 Lee
331 3943 258 70 Fannin,
631 3943 150 70 496,
823 3942 103 72 28.
972 3937 127 76 Tim
1141 3934 274 79 Gilmore
1458 3931 99 82 led
1597 3945 166 69 song
1804 3943 81 70 on
1929 3942 169 72 page
2136 3925 84 88 46
2260 3924 91 90 for
2388 3922 106 91 the
2532 3919 244 94 closing
2817 3934 187 79 song,

174 4042 115 60 and
333 4042 79 61 he
453 4045 151 58 then
645 4038 355 66 dismissed
1042 4036 109 67 the
1189 4033 181 70 class
1407 4030 141 73 with
1588 4042 241 64 prayer.

174 4140 358 75 Chairman,
588 4141 135 73 Tim
777 4138 310 76 Gilmore;
1140 4134 156 81 Vice
1351 4129 370 85 Chairman,
1779 4125 240 90 Robert
2071 4120 319 94 Aldridge;
2446 4119 369 96 Secretary,
2874 4116 145 99 Lisa

172 4242 297 63 Gilmore.

990 4335 520 85 HOPEWELL
1531 4324 658 96 HOMECOMING

1270 4462 315 67 Oneonta,
1612 4456 309 73 Alabama

1281 4563 169 60 June
1480 4563 96 67 10,
1612 4560 94 70 11,
1743 4557 163 73 1989

1554 4759 84 60 73
