3150 4950
183 154 67 63 of
288 153 417 73 "Wasbash";
748 154 138 72 Ted
928 156 367 72 Johsnson,
1348 159 148 70 142;
1545 156 313 73 Kathleen
1903 154 252 79 Kuiper,
2199 154 156 79 22b;
2397 153 136 81 Ted
2580 153 267 81 Mercer,
2892 154 109 79 29;

148 255 244 63 Connie
436 253 310 73 Karduck,
795 256 105 72 61;
946 255 184 73 Dean
1174 256 243 72 Slaton,
1462 258 151 70 269;
1657 256 138 72 Bob
1837 253 447 76 Borcherding,
2335 255 144 75 189.

151 354 393 64 DISMISSED
568 354 154 64 FOR
745 355 267 63 LUNCH.

364 456 171 75 Gary
585 454 268 76 Gronau
906 456 421 75 reconvened
1377 456 111 75 the
1534 456 184 75 class
1771 454 253 78 leading
2077 469 171 63 song
2299 469 82 63 on
2434 468 175 64 page
2664 453 81 79 19
2796 450 57 82 in
2901 450 109 82 the

154 558 291 60 Midwest
495 555 442 78 Supplement
988 556 268 76 (MWS).
1312 556 315 76 Leaders:
1681 553 337 79 Marybeth
2071 553 303 79 Cannon,
2431 553 105 79 64;
2592 550 205 82 Kathy
2851 549 156 84 Hull,

159 658 147 70 143;
364 652 195 79 Leigh
619 654 303 78 Stamler,
984 655 111 76 37;
1149 654 177 78 John
1386 654 342 78 Uhleman,
1792 654 151 78 112;
1999 652 130 79 Joe
2188 649 253 82 Casad,
2500 651 156 81 454;
2715 649 297 82 Seamus

159 756 268 79 Enright,
484 756 82 79 16
618 754 213 81 MWS,
882 754 354 81 dedicated
1284 760 66 75 to
1401 769 42 66 a
1488 753 201 82 friend
1738 753 147 82 who
1930 768 144 67 was
2127 750 238 85 unable
2415 756 63 79 to
2529 748 244 87 attend;
2823 748 181 87 Jerry

160 856 273 78 Enright,
496 855 157 79 49b;
712 853 132 81 Jan
906 853 273 81 Ketelle,
1248 855 151 79 193;
1461 853 324 81 Kathleen
1840 852 190 82 Thro,
2091 853 157 81 213.
2361 850 138 84 Ted
2560 849 258 85 Mercer
2874 847 130 87 and

163 957 235 61 Marcia
450 955 309 63 Johnson
817 954 156 64 then
1033 954 103 64 led
1195 954 376 64 memorials
1626 952 97 66 for
1776 952 111 66 the
1939 951 321 78 following
2317 951 265 78 singers
2635 949 148 79 who
2844 949 169 79 have

162 1056 246 79 passed
451 1071 100 64 on.
597 1054 160 81 Alba
798 1053 312 82 Goodwin
1149 1053 223 82 White,
1414 1053 157 82 from
1615 1051 531 84 Massachusetts
2187 1050 127 85 and
2356 1050 156 85 from
2553 1048 333 87 Alabama,
2932 1048 69 87 D.

162 1158 63 60 T.
282 1155 225 70 White,
565 1153 280 72 Andrew
903 1153 163 75 Ivey,
1126 1153 289 75 Chester
1465 1152 325 76 Wootten,
1852 1150 192 78 Mack
2095 1150 279 78 Wotten,
2433 1149 253 79 Quincy
2746 1147 258 81 Barker;

165 1257 180 61 From
408 1254 253 72 Illinois,
727 1254 180 72 Mark
966 1252 210 73 Pena,
1239 1252 150 73 Cliff
1446 1251 372 75 Maslanka;
1878 1251 163 75 from
2104 1249 325 76 Missouri,
2497 1249 160 76 Rev.
2724 1246 282 79 Charles

168 1356 265 61 Bewick.
489 1354 156 63 Also
700 1404 12 22 ,
769 1353 96 73 for
916 1353 207 73 Steve
1179 1351 276 75 Marini's
1506 1351 229 75 father,
1794 1351 139 75 Bob
1989 1351 205 75 Parr's
2251 1350 268 76 mother,
2577 1348 208 78 Ginny
2841 1347 165 79 Ely's

168 1456 246 60 Mother
466 1455 129 61 and
655 1453 139 63 Bob
850 1453 502 76 Borcherding's
1410 1452 270 78 mother.
1735 1450 136 79 Ted
1930 1450 255 79 Mercer
2238 1449 102 81 led
2401 1450 126 79 163
2581 1447 142 82 with
2779 1453 225 76 strong

168 1554 343 61 memories
558 1552 69 63 of
669 1552 190 63 Mack
901 1552 322 69 Wootten,
1270 1551 148 70 who
1461 1549 210 72 would
1719 1549 175 72 often
1942 1549 148 72 lead
2139 1548 58 73 it;
2245 1546 241 75 Marcia
2527 1546 327 75 Johnson,
2905 1545 100 76 led

171 1656 142 67 122;
358 1653 124 70 Lee
526 1651 354 72 Steinmetz
925 1650 100 73 led
1072 1651 127 72 175
1243 1648 55 75 in
1345 1663 283 60 memory
1669 1647 67 76 of
1771 1647 195 76 those
2007 1647 144 76 who
2194 1662 111 61 are
2344 1645 139 78 sick
2524 1645 126 78 and
2694 1644 150 79 shut
2886 1675 21 48 -
2952 1642 52 81 in

169 1752 261 70 Mercer,
478 1750 306 72 Johnson
837 1747 127 75 and
1015 1747 361 75 Steinmetz
1423 1747 154 75 then
1629 1746 100 76 led
1777 1746 153 76 37b.
1983 1744 297 78 Stephen
2329 1743 75 79 O*
2455 1743 196 79 Leary
2703 1741 100 81 led
2854 1740 150 82 70b;

169 1849 195 61 David
418 1849 70 61 C.
544 1846 285 72 Barford,
883 1849 105 69 85,
1044 1845 351 73 dedicated
1446 1851 66 67 to
1564 1843 99 75 his
1713 1843 439 78 grandfather;
2206 1842 217 79 Debra
2475 1839 282 82 Barford,
2812 1839 192 82 along

165 1948 136 60 with
346 1947 270 61 Debra's
658 1945 462 78 grandmother
1161 1944 127 79 and
1330 1942 337 81 daughter,
1711 1944 106 79 45.

171 2047 292 60 RECESS.

343 2145 133 60 The
519 2143 181 61 class
744 2142 304 63 resumed
1092 2140 250 76 singing
1384 2140 139 76 with
1570 2139 151 78 Rich
1767 2139 210 78 Usher
2017 2137 252 79 leading
2311 2152 168 64 song
2524 2151 82 66 on
2650 2151 172 66 page
2863 2133 148 84 38b.

172 2244 304 60 Leaders:
534 2242 210 61 Karen
804 2241 205 70 Isbell,
1069 2241 148 70 198,
1272 2241 109 70 53;
1437 2236 331 75 Marybeth
1824 2236 300 75 Cannon,
2184 2236 148 75 133;
2388 2233 204 78 Kathy
2643 2232 157 79 Hull,
2854 2233 154 78 354;

169 2343 129 60 Ted
354 2343 249 60 Mercer
652 2340 102 63 led
807 2340 97 63 for
954 2338 192 76 Leigh
1198 2337 298 78 Stamler,
1551 2338 153 76 290;
1752 2335 174 79 John
1981 2334 339 81 Uhleman,
2379 2334 147 81 148;
2577 2331 127 84 Joe
2757 2331 249 84 Casad,

174 2442 210 73 Becky
439 2440 316 75 Coalson,
813 2440 109 75 28;
981 2437 295 78 Seamus
1332 2434 276 81 Enright,
1665 2436 40 79 4
1762 2433 211 82 MWS;
2031 2431 352 84 Catherine
2440 2430 255 85 Barker,
2755 2428 253 87 Connie

175 2539 300 70 Karduck,
517 2541 84 69 28
646 2538 207 72 MWS.

174 2638 294 60 RECESS.

342 2737 133 60 The
513 2736 181 61 class
738 2733 304 64 resumed
1084 2731 249 78 singing
1372 2730 141 79 with
1557 2730 99 79 Bill
1699 2728 286 81 Coalson
2031 2727 250 82 leading
2322 2740 168 69 song
2533 2740 81 69 on
2656 2740 172 69 page
2868 2725 148 84 268.

177 2836 303 60 Leaders:
534 2835 207 75 Ginny
796 2833 124 76 Ely,
975 2835 154 75 220;
1185 2829 279 81 Melanie
1516 2827 210 82 Hauff,
1779 2829 154 81 304;
1987 2824 265 85 Presley
2305 2823 253 87 Barker,
2611 2824 153 85 378;
2814 2821 199 88 Janet

177 2935 327 70 Freambs,
555 2935 154 70 324;
762 2934 130 72 Lee
940 2931 381 75 Steinmetz,
1377 2929 148 76 149;
1570 2926 172 79 John
1794 2926 216 79 Gurtz,
2059 2923 153 82 56b;
2259 2922 123 84 Jim
2434 2922 201 84 Page,
2689 2923 58 82 6,
2802 2920 208 85 MWS,

175 3034 120 60 and
336 3033 223 61 invited
601 3033 73 61 all
712 3031 145 63 who
897 3030 124 64 had
1065 3034 106 60 not
1210 3027 99 67 led
1348 3033 63 61 to
1443 3025 123 78 join
1606 3024 121 79 him
1768 3024 54 79 in
1861 3024 106 79 the
2005 3027 237 76 center.
2286 3021 165 82 Gary
2488 3019 259 84 Gronau
2787 3018 225 85 closed

172 3133 103 60 the
315 3132 180 61 class
535 3138 63 55 at
636 3135 40 58 5
718 3130 114 63 PM
868 3129 141 64 with
1086 3142 169 61 song
1297 3141 82 63 on
1422 3139 169 64 page
1633 3124 82 79 62
1759 3121 273 82 (Parting
2074 3120 229 84 Hand).
2347 3118 114 85 We
2502 3117 432 87 experienced
2974 3133 40 70 a

174 3232 370 76 significant
606 3231 310 78 increase
981 3228 55 81 in
1099 3226 114 82 the
1273 3225 144 84 size
1477 3222 69 87 of
1603 3237 117 72 our
1777 3219 421 90 convention,
2260 3217 144 91 with
2470 3231 180 78 more
2710 3216 156 93 then
2928 3217 85 91 75

172 3330 255 78 singers
475 3330 57 78 in
580 3327 405 81 attendance
1029 3325 160 82 from
1278 3322 100 85 six
1420 3327 238 81 states:
1708 3318 73 90 III.
1833 3318 150 90 Mo.,
2029 3316 226 91 Tenn.,
2307 3315 231 93 Mass.,
2589 3313 213 94 Minn.,
2893 3313 129 94 and

175 3429 105 61 Wi.

178 3529 370 70 Chairman,
616 3528 177 73 Gary
858 3526 295 75 Gronau;
1218 3520 157 81 Vice
1440 3517 375 84 Chairman,
1884 3514 214 87 Karen
2166 3511 213 90 Isbell;
2443 3511 375 90 Secretary,
2887 3511 139 90 Bob

180 3627 474 76 Borcherding;
729 3625 184 78 Asst.
991 3622 384 81 Secretary,
1449 3616 132 87 Joe
1654 3613 262 90 Casad;
1992 3610 351 93 Chaplain,
2424 3609 327 94 Kathleen
2823 3609 192 94 Thro;

180 3727 322 60 Memorial
558 3723 417 70 Committee,
1035 3718 243 75 Marcia
1326 3717 327 76 Johnson,
1710 3714 130 79 Lee
1893 3711 382 82 Steinmetz,
2329 3708 136 85 Ted
2521 3708 270 85 Mercer;
2850 3708 174 85 Food

178 3828 475 69 Coordinators,
708 3823 268 75 Presley
1024 3819 127 79 and
1200 3814 349 84 Catherine
1596 3813 255 85 Barker.

1131 3919 421 84 OXFORD
1582 3916 219 87 CITY
1830 3915 243 88 HALL

1278 4045 250 70 Oxford,
1560 4041 370 78 Mississippi

1339 4146 208 61 March
1579 4146 96 69 12,
1710 4144 165 70 1989

342 4260 135 61 The
519 4257 168 64 ninth
732 4252 235 69 annual
1011 4249 247 72 Sacred
1303 4246 169 76 Harp
1510 4242 261 81 Singing
1815 4246 63 76 at
1912 4239 238 84 Oxford
2191 4239 135 84 City
2367 4237 129 85 Hall
2535 4254 141 69 was
2713 4239 205 84 called
2959 4245 61 78 to

174 4360 184 60 order
394 4360 82 75 by
517 4357 177 78 Mark
736 4354 198 81 Davis
976 4348 256 87 leading
1272 4360 172 75 song
1486 4359 82 76 on
1609 4356 175 79 page
1825 4341 103 94 81.
1971 4338 58 97 J.
2073 4338 69 97 E.
2185 4336 223 99 Carter
2446 4336 100 99 led
2587 4336 109 99 the
2737 4338 282 97 morning

174 4476 243 61 prayer.
471 4459 136 78 The
658 4455 186 82 class
894 4447 357 90 organized
1300 4444 82 93 by
1434 4440 307 97 retaining
1791 4438 111 99 the
1950 4437 315 100 following
2317 4435 280 102 officers:
2652 4437 367 100 Chairman,

175 4560 175 61 Mark
415 4558 228 70 Davis;
706 4554 162 75 Vice
934 4548 379 81 Chairman,
1380 4543 268 85 Warren
1713 4537 210 91 Steel;
1987 4537 376 91 Secretary,
2431 4536 277 93 Bernice
2776 4536 253 93 Embry;

171 4660 342 79 Arranging
556 4653 408 87 Committee,
1005 4648 259 91 Johnny
1305 4642 283 97 Humber
1624 4638 126 102 and
1791 4636 133 103 Ted
1968 4636 261 103 Mercer.
2275 4636 172 103 Mark
2488 4635 195 105 Davis
2721 4636 151 103 then
2914 4638 99 102 led

1563 4743 85 58 29
