3150 4950
142 198 384 69 DISMISSED
546 201 157 66 FOR
723 204 250 63 LUNCH

352 301 138 61 The
541 303 187 61 class
777 321 145 46 was
970 307 213 60 called
1236 307 169 61 back
1456 307 55 61 in
1563 307 273 61 session
1887 307 97 61 for
2029 306 111 63 the
2191 306 340 63 afternoon
2583 303 142 66 with
2781 301 210 73 Henry

148 403 267 75 Guthery
465 402 258 78 leading
772 421 172 63 song
994 423 82 61 on
1125 423 175 61 page
1351 409 145 75 140.
1549 406 307 78 Leaders:
1902 405 231 79 Jimmy
2181 405 292 79 Denney,
2529 405 147 79 155;
2725 400 256 84 Carlton

148 502 213 72 Wood,
418 504 154 70 313;
636 502 78 72 M.
777 504 72 70 H.
907 505 213 72 Creel,
1179 507 154 70 498;
1393 505 277 72 Mozelle
1726 504 370 78 Sheppard,
2154 504 153 78 314;
2368 501 163 81 Eron
2587 499 228 82 White,
2874 499 108 82 63;

153 607 241 60 Corene
438 601 226 72 White,
711 606 156 69 216;
916 604 196 70 Marie
1161 604 279 70 Guthrie,
1488 606 151 70 273;
1690 604 189 75 Floyd
1926 601 241 78 Steifel,
2220 603 148 76 129;
2416 600 235 79 Bertha
2697 598 291 81 Henson,

153 706 141 67 418;
355 702 238 72 Ernest
652 702 318 76 Guthery,
1032 706 159 72 480;
1252 703 243 75 Sherry
1552 703 313 75 Guthery,
1930 703 109 75 58;
2103 700 163 78 Unie
2329 700 67 78 B.
2463 699 300 79 Howard,
2827 699 157 79 384;

156 804 246 73 Aubrey
472 801 238 76 Tyree,
786 804 160 73 208;
1026 802 238 75 Luther
1336 802 267 75 Parker,
1677 804 160 73 319;
1915 801 217 76 Henry
2203 799 340 78 Johnson,
2620 799 112 78 81;
2805 795 180 82 Arrie

159 901 325 70 Chandler,
535 901 156 70 298;
744 900 66 72 B.
865 900 66 72 B.
985 901 259 70 Mattox,
1302 903 148 69 168;
1501 900 150 72 Lela
1698 900 219 72 Crider
1963 898 127 73 and
2143 898 241 76 Margie
2436 897 148 78 Lee,
2635 897 151 78 371,
2839 895 151 79 569;

160 1002 202 63 Felton
414 999 228 72 Baker,
691 1000 157 70 215;
898 999 150 76 Billy
1093 999 324 76 Williams,
1468 1000 109 75 54;
1627 999 82 76 M.
1761 997 73 78 H.
1887 997 210 78 Creel,
2146 999 156 76 342;
2355 996 151 79 Lula
2553 993 430 82 Underwood,

160 1104 133 58 358.
342 1099 205 75 Henry
592 1098 283 76 Guthery
922 1099 100 75 led
1068 1114 171 61 song
1284 1114 82 61 on
1411 1114 175 61 page
1627 1099 117 76 521
1801 1098 94 78 for
1935 1098 109 78 the
2085 1096 247 79 closing
2379 1110 168 66 song
2595 1095 126 81 and
2763 1092 231 84 Jimmy

165 1201 249 72 Denney
456 1197 355 76 dismissed
853 1197 111 76 the
1008 1197 181 76 class
1228 1197 139 76 with
1414 1212 241 63 prayer.

165 1297 357 70 Chairman,
594 1296 219 76 Henry
879 1296 319 76 Guthery;
1263 1296 160 76 Vice
1489 1294 378 78 Chairman,
1938 1294 283 78 Preston
2289 1293 249 79 Crider;
2605 1290 379 82 Secretary,

168 1398 178 61 Marie
397 1396 283 63 Guthrie.

618 1501 165 78 MT.
817 1500 241 81 ZION
1099 1501 502 79 PRIMITIVE
1638 1498 420 82 BAPTIST
2091 1495 436 85 CHURCH

955 1629 165 76 Hwy.
1155 1630 121 75 159
1327 1627 180 78 North
1537 1627 61 78 of
1623 1627 229 78 Gordo,
1881 1627 306 78 Alabama

1365 1728 138 76 July
1528 1729 256 75 9,1989

321 1830 129 60 The
490 1828 234 61 annual
766 1828 246 61 Sacred
1056 1828 169 78 Harp
1263 1827 261 79 Singing
1566 1827 142 79 held
1749 1833 64 73 at
1852 1827 99 79 Mt.
1993 1825 150 81 Zion
2218 1824 250 82 Church
2506 1839 139 67 was
2683 1821 205 85 called
2928 1825 61 81 to

172 1930 168 60 order
379 1929 76 73 by
498 1927 243 75 Alonzo
787 1927 258 75 Malone
1090 1927 252 76 leading
1387 1942 168 61 song
1599 1942 82 61 on
1725 1941 175 63 page
1941 1927 103 76 30.
2091 1924 132 79 The
2268 1921 283 82 morning
2596 1935 226 69 prayer
2859 1935 139 69 was

175 2028 85 60 led
301 2028 78 75 by
415 2028 55 75 J.
519 2028 58 75 L.
622 2026 294 76 Abrams.
961 2026 135 76 The
1138 2026 181 76 class
1363 2025 364 78 organizied
1771 2023 81 79 by
1893 2023 273 79 electing
2209 2022 106 81 the
2358 2019 309 84 following
2712 2017 277 85 officers:

174 2125 345 72 Chairman,
571 2125 246 72 Alonzo
871 2125 282 72 Malone;
1203 2124 156 73 Vice
1408 2122 367 75 Chairman,
1825 2122 247 75 Wayne
2124 2119 264 78 Baines;
2437 2119 366 78 Secretary,
2856 2115 145 82 Lisa

177 2226 301 76 Ballinger;
543 2224 247 78 Wayne
828 2223 237 79 Baines
1098 2223 151 79 then
1288 2223 97 79 led
1422 2238 207 64 songs
1665 2236 79 66 on
1783 2235 210 67 pages
2028 2221 84 81 48
2148 2218 123 84 and
2310 2220 102 82 59.
2452 2215 280 87 Leaders
2766 2212 225 90 called:

174 2323 199 60 Travis
421 2323 271 70 Keeton,
742 2325 151 69 426,
952 2322 192 72 147b;
1197 2320 145 73 Lisa
1389 2320 331 76 Ballinger,
1777 2320 144 76 119,
1978 2319 147 78 121;
2176 2316 220 81 Peggy
2449 2314 339 82 Bergman,
2844 2314 145 82 100,

175 2424 138 69 318;
363 2422 208 70 Elmer
618 2421 283 72 Conwill,
957 2422 150 70 146,
1164 2422 150 70 152;
1366 2419 222 73 Elman
1639 2418 291 75 Howton,
1987 2418 145 75 129,
2190 2416 148 76 137;
2391 2412 213 81 Edwin
2656 2410 334 82 Ballinger,

177 2520 175 70 317b,
408 2521 145 69 123;
604 2520 186 70 Chris
843 2518 333 76 Ballinger,
1228 2517 196 78 235b,
1477 2515 151 79 68b;
1681 2515 171 79 Mary
1905 2512 169 82 Ellen
2121 2514 234 81 Jones,
2412 2509 190 85 176b,
2653 2509 151 85 208;
2859 2506 136 88 Bob

180 2617 237 70 Fannin,
463 2620 150 67 430,
661 2617 267 76 George
973 2616 157 78 Cox,
1185 2617 142 76 108,
1375 2616 150 78 295;
1573 2614 181 79 Huey
1794 2611 231 82 Jones,
2073 2611 148 82 306,
2274 2610 142 84 101.

178 2715 277 61 RECESS.

370 2815 243 61 Alonzo
664 2815 262 61 Malone
975 2812 210 64 called
1234 2812 108 64 the
1390 2811 181 66 class
1620 2808 297 79 together
1965 2806 253 81 leading
2268 2820 169 67 song
2488 2818 81 69 on
2619 2817 175 70 page
2847 2802 144 85 120.

181 2913 286 63 Leaders:
514 2916 238 60 James
802 2913 204 78 Pugh,
1059 2911 196 79 569b;
1306 2911 151 79 "Not
1506 2908 195 82 Made
1746 2907 156 84 With
1954 2904 277 87 Hands";
2283 2902 135 88 Earl
2470 2899 330 91 Ballinger,
2856 2899 144 91 124,

183 3015 136 70 111;
381 3015 241 70 Arnold
691 3015 252 70 Moore,
1020 3010 198 75 111b,
1293 3009 201 76 176b;
1563 3009 333 76 Margaret
1960 3004 279 81 Keeton,
2307 3004 156 81 455,
2539 3000 151 85 142;
2758 2997 249 88 Robert

178 3111 294 81 Aldridge,
520 3112 202 79 345b;
771 3111 177 81 Cecil
997 3112 159 79 Cox,
1213 3111 144 81 135,
1408 3109 151 82 480;
1605 3105 171 87 John
1828 3103 198 88 Hyde,
2077 3102 150 90 37b,
2278 3102 105 90 90;
2436 3099 147 93 Lola
2631 3096 363 96 Roberson,

178 3213 133 72 313,
358 3216 150 69 222;
553 3213 225 75 Toney
825 3210 223 78 Smith,
1098 3211 105 76 35,
1249 3210 153 78 392.
1492 3205 49 82 A
1587 3202 322 85 memorial
1960 3202 223 85 lesson
2230 3214 139 73 was
2418 3196 142 91 held
2611 3195 54 93 in
2715 3210 282 78 memory

180 3310 57 60 of
268 3312 186 60 those
493 3313 145 60 who
684 3312 171 61 have
894 3307 259 79 passed
1192 3322 187 64 away
1420 3304 57 82 in
1518 3304 106 82 the
1668 3303 123 84 last
1828 3316 171 70 year.
2044 3298 175 88 Thay
2257 3312 195 75 were:
2490 3294 204 93 Annie
2736 3292 258 94 Harper,

183 3408 160 78 Ruby
385 3411 274 75 Conwill,
706 3409 253 76 Connie
999 3406 243 79 Welch,
1287 3403 216 82 Carrie
1542 3402 222 84 White,
1810 3399 199 87 Ralph
2053 3397 264 88 Adams,
2365 3393 234 93 Lonnie
2643 3391 186 94 Berry
2871 3390 126 96 and

184 3507 168 78 Floyd
399 3510 267 75 Elmore.
714 3508 222 76 Toney
979 3505 199 79 Smith
1227 3504 99 81 led
1407 3504 130 81 285
1579 3499 126 85 and
1752 3498 316 87 Margaret
2113 3495 244 90 Keeton
2406 3492 97 93 led
2551 3492 126 93 179
2722 3489 55 96 in
2820 3489 180 96 there

184 3621 303 63 memory.

184 3703 375 66 DISMISSED
582 3706 154 63 FOR
759 3703 267 66 LUNCH.

346 3807 132 61 The
522 3808 337 60 afternoon
904 3802 270 66 session
1216 3814 141 54 was
1399 3796 268 78 brought
1707 3792 294 82 together
2040 3790 82 84 by
2164 3789 241 85 Alonzo
2449 3786 255 88 Malone
2749 3783 250 91 leading

181 3919 150 66 song
381 3924 79 61 on
511 3924 178 63 page
736 3907 153 79 203.
942 3901 312 85 Leaders:
1305 3898 183 88 Etma
1534 3895 252 91 Barton,
1836 3894 150 93 373,
2041 3892 148 94 189;
2238 3888 180 99 Larry
2467 3885 333 102 Ballinger,
2853 3885 145 102 192,

180 4005 135 72 200;
357 4006 189 70 Josie
595 4006 202 75 Hyde,
847 4005 151 76 300,
1048 4002 153 79 216;
1252 3996 201 85 Paula
1500 3991 397 90 Springfield,
1948 3988 126 93 and
2124 3985 307 96 Clarissa,
2479 3985 150 96 343,
2679 3985 106 96 58;
2835 3982 55 99 L.
2943 3981 64 100 E.

183 4101 274 78 Hannah,
504 4108 151 70 349,
703 4105 156 73 293;
906 4101 271 78 Clearcy
1225 4093 334 85 Rutledge,
1608 4093 148 85 290,
1803 4092 151 87 445;
1999 4087 132 91 Ora
2176 4086 124 93 Lee
2349 4081 258 97 Fannin,
2653 4083 151 96 268,
2851 4083 151 96 496;

178 4203 189 64 Annie
429 4207 129 61 Lou
621 4204 207 70 Price,
898 4203 148 72 147,
1110 4200 156 75 294;
1332 4192 223 82 Buddy
1620 4189 337 85 Ballinger,
2020 4188 153 87 286,
2239 4186 150 88 110;
2452 4182 226 93 Levert
2737 4180 264 94 Howell,

180 4302 130 76 74b,
366 4309 147 70 163;
564 4303 222 76 Travis
835 4302 273 78 Keeton,
1159 4299 153 81 445;
1363 4293 145 87 Lisa
1558 4290 330 90 Ballinger,
1938 4288 150 91 560,
2139 4285 153 94 411;
2341 4281 292 99 Kenneth
2686 4281 166 99 Dyer
2896 4282 108 97 45;

178 4404 168 64 Chris
397 4408 342 76 Ballinger,
792 4404 157 81 358;
1002 4402 268 82 George
1321 4396 159 88 Cox,
1534 4395 153 90 490;
1741 4389 183 96 Huey
1971 4387 234 97 Jones,
2257 4386 153 99 498;
2467 4383 208 102 Elmer
2722 4381 279 103 Conwill,

177 4504 91 73 44,
319 4510 144 70 166;
514 4507 177 75 Mary
739 4503 177 79 Ellen
961 4500 234 82 Jones,
1248 4498 105 84 75;
1402 4491 220 91 Cecile
1668 4489 156 93 Cox,
1873 4488 153 94 282;
2073 4485 220 97 Toney
2340 4482 219 100 Smith,
2610 4483 102 99 79.
2761 4480 244 102 Alonzo

178 4602 235 67 Malone
450 4608 99 61 led
585 4621 169 60 song
790 4617 82 64 on
910 4614 172 67 page
1116 4599 85 82 46
1236 4596 91 85 for
1359 4594 105 87 the
1498 4590 240 91 closing
1774 4602 186 79 song.
2001 4584 256 97 Erskine

1536 4692 109 60 101
