3171 4963
1050 192 280 99 Ryans
1366 189 270 102 Creek
1671 186 513 105 Convention

648 315 151 61 New
823 316 300 78 Prospect
1150 318 231 76 Baptist
1405 316 262 78 Church,
1698 315 277 79 Cullman
2002 312 264 82 County,
2293 307 312 87 Alabama

1273 415 237 76 August
1534 415 99 76 26,
1663 415 100 76 27,
1798 412 162 79 1989

372 508 133 60 The
544 525 124 45 one
709 511 283 61 hundred
1033 513 123 60 and
1195 511 313 61 sixteenth
1582 510 262 63 session
1885 507 64 66 of
1984 507 106 66 the
2133 504 222 75 Ryans
2392 498 213 81 Creek
2644 498 352 81 Convention

205 618 138 46 was
379 606 204 61 called
621 615 64 52 to
721 609 186 61 order
940 609 78 75 by
1056 609 166 75 Alvin
1264 609 246 75 Parker,
1554 607 247 76 leading
1839 619 210 64 songs
2089 618 81 66 on
2212 613 214 70 pages
2464 598 85 85 46
2590 597 124 87 and
2754 601 94 82 45.
2887 603 102 81 The

210 702 279 78 morning
534 718 225 64 prayer
796 721 138 61 was
979 706 99 76 led
1122 705 79 78 by
1246 705 67 78 R.
1362 705 73 78 G.
1486 703 150 79 Nail.
1681 702 168 81 Alvin
1897 700 235 82 Parker
2172 697 151 85 then
2371 694 100 88 led
2517 709 169 73 song
2728 712 79 70 on
2847 715 141 67 page

205 799 106 60 48.
373 799 310 61 Leaders:
745 802 211 75 Henry
1009 802 324 75 Johnson,
1396 804 103 73 59,
1561 801 153 76 445;
1777 799 310 78 Imogene
2146 793 249 84 Nelms,
2461 795 147 82 126,
2676 796 138 81 110,
2866 802 123 75 313;

208 894 187 63 Essie
444 897 268 72 Calvert,
766 901 144 69 108,
961 901 103 69 72;
1111 898 268 72 Vernice
1428 897 268 73 Calvert,
1746 898 102 72 30,
1899 898 105 72 56;
2055 895 70 75 R.
2176 894 78 76 G.
2308 891 151 79 Nail,
2508 892 151 78 381,
2706 895 141 75 332.

207 991 295 63 RECESS.

348 1092 132 60 The
511 1092 175 61 class
724 1093 295 60 resumed
1053 1093 244 76 singing
1329 1093 138 76 with
1498 1092 168 78 John
1704 1092 222 78 Hocutt
1960 1090 249 79 leading
2244 1104 168 66 song
2446 1105 81 64 on
2563 1107 166 63 page
2767 1096 124 73 122.

202 1186 133 61 The
376 1189 345 70 chairman,
765 1189 169 70 Alvin
981 1189 231 70 Parker
1249 1189 205 70 called
1501 1206 40 54 a
1582 1189 312 70 business
1936 1188 268 72 session
2248 1192 64 67 to
2355 1188 169 72 elect
2563 1189 106 70 the
2709 1191 267 87 following

204 1285 285 61 officers:
547 1285 366 72 Chairman,
972 1287 174 70 Alvin
1206 1285 255 72 Parker;
1516 1285 156 72 Vice
1729 1287 372 70 Chairman,
2164 1287 174 70 Leon
2397 1288 204 72 Price;
2658 1290 321 84 Secretary,

204 1381 196 61 Marie
454 1384 285 69 Guthrie;
790 1384 349 76 Arranging
1195 1384 408 76 Committee,
1663 1384 144 76 Billy
1861 1383 324 78 Williams;
2244 1384 325 76 Memorial
2623 1392 348 75 committee,

204 1477 157 61 Unie
412 1480 64 60 B.
531 1479 267 63 Howard
849 1482 124 60 and
1026 1482 195 60 Marie
1270 1482 280 70 Guthrie;
1603 1482 280 70 Finance
1933 1482 406 73 Committee,
2394 1485 286 78 Douglas
2728 1488 249 76 Howard;

202 1575 294 79 Locating
541 1576 399 78 Committee,
991 1578 267 76 Preston
1305 1579 234 75 Crider;
1585 1581 330 76 Chaplain,
1965 1581 150 76 Ulys
2157 1582 265 75 Walker.
2472 1584 276 73 Leaders
2787 1590 187 67 called:

199 1671 328 61 Charolett
580 1674 238 70 Hinkle,
880 1675 145 69 123,
1080 1678 106 67 35;
1239 1677 168 69 Aver
1455 1675 238 73 Crider,
1747 1680 150 69 430,
1953 1681 154 69 542;
2163 1680 169 70 Elsie
2388 1681 211 72 Moon,
2653 1687 142 69 406,
2850 1690 118 69 166;

201 1767 193 61 Marie
442 1770 279 69 Guthrie,
771 1770 208 69 Jesus
1027 1771 156 67 Died
1233 1771 93 67 for
1372 1773 153 70 Me",
1573 1774 150 70 389,
1774 1777 151 69 448;
1977 1776 171 70 Leon
2200 1777 195 72 Price,
2446 1782 145 67 441,
2641 1783 144 69 349;
2827 1785 138 67 John

199 1863 249 72 Hocutt,
507 1866 103 69 73.

198 1959 295 61 RECESS.

355 2058 168 60 Alvin
565 2059 229 60 Parker
828 2061 204 61 called
1069 2062 106 60 the
1210 2064 180 60 class
1425 2067 294 76 together
1753 2067 246 79 leading
2038 2086 165 61 song
2245 2085 79 63 on
2365 2088 168 61 page
2571 2076 99 73 53.
2712 2074 255 75 Leaders:

195 2154 174 60 Cecil
426 2157 316 72 Sanders,
799 2161 151 69 340,
1009 2163 150 69 480;
1218 2161 159 70 Unie
1435 2164 63 67 B.
1560 2164 289 72 Howard,
1906 2169 106 69 37,
2067 2170 154 69 348;
2280 2170 270 69 Preston
2604 2173 222 70 Crider,
2875 2178 81 67 39,

192 2254 105 69 51,
354 2257 106 66 50;
513 2253 274 70 Vernice
841 2256 271 73 Calvert,
1168 2260 151 69 411.

195 2347 394 66 DISMISSED
612 2352 150 61 FOR
784 2353 261 63 LUNCH.

384 2448 135 61 The
564 2451 333 63 afternoon
942 2455 267 60 session
1257 2460 448 60 reassembled
1749 2461 138 60 with
1936 2461 169 61 Leon
2152 2464 177 60 Price
2376 2466 246 79 leading
2665 2482 192 63 songs
2893 2482 61 63 on

192 2560 214 63 pages
450 2548 130 75 207
627 2550 126 73 and
798 2553 150 70 270.
1000 2553 303 70 Leaders:
1350 2556 165 67 Aver
1557 2557 232 73 Crider,
1836 2562 105 69 36,
1992 2563 103 70 73;
2145 2563 202 70 Mavis
2394 2565 193 72 Price,
2635 2568 139 69 425;
2821 2566 133 70 Elsie

192 2641 214 75 Moon,
465 2647 106 70 74;
628 2647 328 70 Charolett
1012 2652 238 72 Hinkle,
1308 2656 151 69 317;
1512 2656 171 69 John
1740 2658 247 73 Hocutt,
2044 2662 150 70 312;
2254 2661 193 72 Marie
2502 2664 271 70 Guthrie,
2823 2664 130 70 "The

190 2740 198 61 Great
433 2743 132 61 Roll
612 2746 181 75 Call),
846 2748 303 78 Imogene
1198 2751 235 75 Nelms,
1485 2757 103 69 68;
1638 2755 205 76 Henry
1884 2757 321 75 Johnson,
2259 2763 186 69 1091,
2496 2761 183 70 Essie
2724 2761 226 70 Calvert,

187 2839 106 70 32;
348 2841 274 69 Vernice
673 2844 435 73 Calvert,373;
1165 2848 156 69 Unie
1377 2851 64 66 B.
1500 2851 289 72 Howard,
1842 2857 151 67 200,
2052 2859 147 67 133;
2253 2856 174 70 Cecil
2479 2859 303 69 Sanders,
2830 2859 121 69 512;

190 2935 147 76 Billy
400 2938 328 73 Williams,
793 2944 154 70 338,
1012 2947 154 69 339;
1234 2947 276 69 Preston
1575 2950 241 72 Crider,
1882 2955 153 69 201;
2100 2953 174 70 Alvin
2340 2955 253 72 Parker,
2658 2958 100 69 29;
2818 2955 138 72 Leon

189 3033 175 63 Price
403 3036 97 61 led
538 3052 208 64 songs
784 3055 81 61 on
904 3057 166 61 pags
1108 3045 69 73 61
1228 3045 124 73 and
1392 3048 81 70 69
1509 3046 93 72 for
1633 3049 108 69 the
1776 3049 240 78 closing
2055 3067 165 61 song
2290 3054 124 75 and
2455 3054 79 75 he
2569 3054 144 75 then
2751 3052 85 76 led
2869 3051 81 78 the

186 3132 252 79 closing
495 3151 249 61 prayer.

1206 3240 333 73 SUNDAY,
1569 3243 319 70 AUGUST
1911 3247 84 66 27

337 3330 133 61 The
505 3333 264 76 Sunday
802 3336 262 73 session
1101 3352 138 57 was
1272 3340 201 69 called
1510 3346 61 63 to
1606 3342 183 67 order
1822 3343 78 75 by
1933 3343 166 75 Alvin
2139 3345 229 73 Parker
2403 3346 240 78 leading
2679 3361 186 63 songs
2892 3355 60 69 on

184 3444 171 63 page
393 3432 102 75 45.
537 3429 133 78 The
709 3433 279 78 morning
1027 3451 222 60 prayer
1282 3453 136 58 was
1459 3438 97 73 led
1597 3439 78 75 by
1713 3439 76 75 M.
1833 3441 69 73 H.
1977 3442 204 72 Creel.
2223 3445 166 69 Alvin
2430 3445 226 69 Parker
2691 3444 90 70 led
2815 3456 130 63 song

184 3541 81 46 on
319 3544 175 61 page
544 3529 105 76 48.
706 3531 307 75 Leaders:
1069 3534 208 75 Henry
1324 3535 322 73 Johnson,
1699 3538 103 70 89,
1864 3541 147 69 100;
2068 3541 31 69 I.
2155 3541 67 69 V.
2278 3544 309 70 Cockrell,
2644 3546 133 69 101,
2832 3541 114 73 155;

184 3624 216 61 Flarce
448 3627 207 72 Creel,
702 3631 150 69 460,
900 3633 150 69 222;
1096 3631 255 70 Corene
1396 3633 217 70 White,
1669 3636 139 69 171,
1858 3637 150 70 216;
2059 3639 331 81 Eldagene
2440 3642 345 78 Roberson,
2827 3639 117 81 215,

186 3724 147 70 142;
390 3724 168 70 Aver
609 3726 240 72 Crider,
906 3730 150 67 224,
1119 3732 147 67 183;
1324 3729 226 70 Luther
1603 3730 412 75 Parker.275,
2076 3739 106 66 58.

183 3819 297 64 RECESS.

337 3919 166 61 Leon
544 3921 172 61 Price
754 3922 264 78 brought
1051 3924 105 76 the
1191 3924 175 76 class
1402 3931 60 69 to
1498 3924 181 76 order
1714 3925 247 79 leading
1998 3946 208 63 songs
2242 3949 81 60 on
2361 3952 213 63 pages
2607 3940 81 75 30
2724 3934 111 81 and
2865 3931 78 84 36.

180 4017 313 63 Leaders:
550 4020 267 76 Tommy
873 4020 210 76 Creel,
1144 4023 222 73 37,34;
1425 4021 162 75 Eron
1645 4023 223 73 White,
1935 4029 147 70 137,
2149 4033 148 70 168;
2356 4035 331 69 Charolett
2743 4029 199 75 Hinkle,

175 4119 153 69 434,
391 4120 154 70 430;
607 4119 67 72 B.
739 4119 66 72 B.
870 4119 259 72 Mattox,
1191 4122 151 69 318,
1402 4122 154 69 217;
1618 4120 280 70 Kathern
1959 4126 352 76 Chandler,
2373 4137 153 70 354,
2590 4137 148 70 480;
2797 4128 153 79 Essie

175 4213 274 72 Calvert,
507 4218 151 69 378,
715 4218 153 69 482;
922 4216 271 70 Vernice
1249 4218 429 70 Calvert,291,
1735 4221 153 70 454;
1942 4222 142 69 Arie
2140 4227 348 78 Chandler,
2553 4237 144 69 145,
2755 4231 124 75 189.

177 4311 295 60 RECESS.

313 4408 133 60 The
486 4410 180 60 class
709 4410 300 61 resumed
1050 4411 246 76 singing
1335 4411 138 76 with
1513 4411 166 76 Alvin
1726 4413 231 75 Parker
1995 4417 252 81 leading
2287 4440 169 64 song
2500 4446 84 58 on
2626 4446 166 64 page
2827 4425 115 85 214.

174 4506 303 61 Leaders:
523 4507 142 75 Billy
705 4507 310 75 Williams,
1062 4510 100 72 73.
1242 4509 72 73 At
1353 4507 120 75 this
1512 4509 147 73 time
1699 4510 106 72 the
1849 4516 321 66 memorial
2215 4519 226 66 lesson
2482 4542 141 49 was
2668 4528 153 63 held.
2859 4521 85 70 We

169 4602 106 61 the
319 4605 321 60 memorial
681 4605 339 60 commitee
1059 4605 124 60 find
1224 4605 129 60 that
1390 4605 181 61 since
1611 4623 97 43 we
1750 4608 118 61 last
1911 4618 144 64 met,
2101 4614 142 69 God
2287 4618 54 64 in
2388 4621 96 61 his
2527 4626 226 63 infinite

1519 4704 118 60 136
