3183 4971
195 237 109 73 39;
366 240 271 70 Shelbie
697 249 369 79 Sheppard,
1131 256 151 72 260;
1341 258 174 70 John
1576 258 367 78 Etheridge,
2005 258 154 78 434;
2229 253 199 82 Marie
2487 246 327 90 Aldridge,
2874 249 120 87 336;

199 334 174 81 Mary
420 342 312 76 Gardner,
783 349 151 72 273;
984 351 220 78 Toney
1254 354 219 75 Smith,
1522 358 153 70 376;
1728 357 175 72 Edith
1951 355 180 73 Tate,
2184 354 154 75 371;
2430 349 183 79 Jerry
2661 345 330 84 Sheppard,

195 438 151 72 527,
402 442 153 72 530;
609 444 174 78 Mary
835 448 351 73 Brownlee,
1248 454 145 70 163;
1449 453 177 72 Edith
1677 454 180 72 Tate,
1909 454 154 72 371;
2121 450 205 78 Ralph
2383 445 232 82 Heath,
2671 447 150 81 200,
2872 450 117 79 408;

199 532 189 64 Ester
439 540 175 73 Wall,
676 546 153 70 349;
888 547 262 76 Tommy
1207 550 334 76 Spurlock,
1600 555 154 72 565;
1815 552 237 75 Lonnie
2112 550 283 76 Rogers,
2458 547 105 79 97,
2623 546 153 81 348;
2835 546 154 85 Harry

198 631 265 78 Dumas,
517 642 186 67 108b.

198 730 298 66 RECESS.

424 834 219 61 Felton
697 838 273 76 Denney
1021 843 207 72 called
1279 844 109 70 the
1438 846 183 69 class
1671 846 300 76 together
2020 843 259 79 leading
2332 856 171 66 song
2560 856 81 66 on
2695 856 165 66 page
2905 852 75 70 68.

198 927 318 64 Leaders:
589 934 186 60 Hilda
840 937 340 72 Morrison,
1252 942 108 69 63;
1425 942 129 69 Joe
1623 943 310 75 Beasley,
2008 943 151 75 198;
2233 937 196 81 Lydia
2497 939 298 79 Baswell,
2860 948 120 75 418;

198 1024 234 78 Evelyn
480 1030 229 72 Harris,
759 1035 106 69 40;
912 1035 277 69 Geneva
1236 1036 313 73 Prichard,
1636 1042 150 69 532;
1836 1039 184 72 Elder
2064 1038 202 73 Lewis
2355 1036 255 75 Norton,
2659 1039 144 73 39b;
2850 1044 129 69 Elsie

198 1123 298 79 Beasley,
547 1129 150 73 389;
748 1131 177 76 Revy
967 1132 408 75 Williamson,
1422 1138 151 69 384;
1623 1138 252 69 Carlton
1918 1137 226 73 Wood,
2196 1138 151 72 340;
2398 1135 184 75 Elder
2628 1137 225 73 Homer
2889 1150 93 60 and

198 1221 331 64 Katherine
565 1227 339 73 Benefield,
939 1233 102 67 56.
1107 1231 210 69 Felton
1354 1233 262 78 Denney
1648 1236 123 75 and
1809 1236 262 75 Richard
2107 1234 270 79 DeLong
2415 1234 96 79 led
2542 1251 163 64 song
2740 1255 73 60 on
2844 1257 132 67 page

195 1323 82 58 69
330 1338 81 45 as
457 1324 111 61 the
616 1326 250 79 closing
916 1344 192 61 song.
1161 1330 133 75 The
1345 1332 180 73 class
1573 1348 141 57 was
1762 1335 358 70 dismissed
2169 1333 142 72 with
2364 1348 228 64 prayer
2638 1336 78 76 by
2761 1339 211 73 William

196 1419 340 64 Headrick.

1201 1527 321 63 SUNDAY
1548 1563 19 27 -
1597 1530 273 61 MARCH
1920 1534 84 57 26

378 1618 135 61 The
556 1623 384 60 convention
982 1638 138 46 was
1164 1626 204 60 called
1413 1632 63 55 to
1519 1627 183 61 order
1744 1629 76 75 by
1867 1629 214 75 Felton
2130 1629 267 79 Denney
2443 1632 244 81 leading
2730 1653 150 63 song
2917 1657 55 58 on

193 1731 174 61 page
417 1719 103 73 73.
573 1719 235 75 Prayer
850 1737 139 57 was
1039 1722 99 72 led
1189 1723 78 76 by
1312 1723 258 76 William
1621 1725 331 75 Headrick.
2005 1728 285 72 Leaders
2335 1731 204 69 called
2584 1749 186 51 were:
2818 1735 57 64 E.
2916 1741 49 60 C.

195 1813 261 72 Bowen,
508 1816 154 70 381;
717 1816 187 70 Dana
949 1819 316 72 Jackson,
1318 1824 153 70 298;
1525 1822 138 72 Don
1717 1824 259 73 Bowen,
2034 1828 145 70 198;
2233 1828 180 76 Betty
2458 1830 351 75 Anderson,
2860 1839 111 70 193;

192 1909 283 61 Carlene
528 1911 235 73 Griffin,
820 1917 151 70 532;
1029 1917 144 70 Lisa
1221 1917 225 73 Webb,
1501 1923 151 69 373;
1708 1921 183 70 Sheri
1944 1923 223 72 Webb,
2223 1927 151 72 234;
2428 1927 223 72 Lucille
2701 1932 267 75 Gunnels,

196 2010 145 69 189;
390 2010 202 76 Ralph
640 2011 225 75 Heath,
919 2014 144 72 196;
1111 2016 171 75 Mary
1326 2017 217 73 Smith,
1588 2020 153 70 441;
1788 2020 268 70 Reuben
2104 2023 145 70 Ball,
2295 2028 148 67 490;
2491 2026 250 69 Lurleen
2785 2029 181 75 Heath,

190 2107 156 69 290;
411 2107 270 69 Marsha
738 2109 330 73 Johnson,
1132 2113 153 70 217;
1350 2115 163 76 Hoyt
1575 2116 226 78 Cagle,
1863 2119 154 75 542;
2079 2121 339 75 Raymond
2482 2124 303 73 Hamrick,
2844 2131 118 70 369;

190 2203 318 61 Gertrude
558 2206 336 73 Bateman,
942 2211 151 70 426;
1138 2211 208 78 Joyce
1396 2212 316 76 Harrison,
1762 2218 151 70 365;
1963 2218 288 70 Kenneth
2302 2221 289 78 DeLong,
2640 2227 100 72 52;
2788 2226 174 75 Myron

192 2302 244 73 House,
483 2307 150 70 250;
678 2307 214 70 Felton
939 2308 285 78 Denney,
1275 2313 142 73 143.

192 2401 300 63 RECESS.

411 2503 273 60 Richard
738 2505 249 78 Delong
1036 2506 208 76 called
1296 2509 106 73 the
1453 2511 180 72 class
1681 2514 297 75 together
2026 2514 250 79 leading
2328 2533 165 61 song
2547 2533 79 61 on
2676 2535 160 61 page
2878 2524 79 72 33.

190 2599 319 61 Leaders:
577 2602 207 61 Laura
846 2604 229 72 Webb,
1149 2608 148 69 156;
1365 2608 186 76 Doug
1615 2610 262 75 Allison,
1950 2614 150 70 107;
2160 2614 249 75 Jeffrey
2472 2616 313 73 Wootten,
2842 2622 121 67 445;

189 2698 249 61 Bonnie
492 2700 300 73 Flowers,
852 2704 145 70 120;
1050 2704 186 76 Terry
1285 2706 318 75 Wootten,
1656 2710 108 70 29;
1813 2709 124 72 Jan
1993 2710 243 72 House,
2292 2715 105 69 56;
2451 2715 171 69 Cecil
2676 2715 280 72 Edwards,

192 2799 145 70 112;
388 2799 240 78 Margie
678 2799 181 78 Lacy,
910 2803 147 73 203;
1110 2803 168 73 Buell
1327 2803 202 73 Cobb,
1579 2806 150 70 321;
1779 2806 181 70 Noah
2010 2808 180 78 Lacy,
2239 2812 147 73 473;
2434 2812 208 73 Oscar
2686 2814 270 72 McGuire,

190 2898 147 72 148;
388 2898 181 76 Ruby
615 2899 127 75 and
787 2899 178 76 Virgil
1014 2901 268 76 Phillips,
1332 2904 147 73 345,
1527 2905 150 72 212;
1728 2905 88 72 Mr
1860 2907 126 70 and
2034 2907 147 70 Mrs.
2227 2908 63 69 T.
2343 2908 67 69 H.
2461 2911 190 70 Ross,
2706 2914 130 67 147,
2877 2914 78 67 34.

184 2994 132 60 The
361 2997 318 58 memorial
726 2997 220 60 lesson
985 3013 138 45 was
1165 2998 160 60 held.
1374 3000 229 60 Lonnie
1645 3001 247 76 Rogers
1938 3004 94 73 led
2073 3007 129 70 403
2242 3007 123 70 and
2407 3010 79 67 97
2532 3009 51 69 in
2625 3025 256 58 memory
2914 3009 43 75 of

183 3093 111 58 the
348 3093 291 78 Georgia
688 3094 372 76 deceased:
1119 3096 234 75 Bertha
1408 3096 268 78 Kilgore,
1737 3100 135 73 Ben
1924 3102 226 76 Avery,
2211 3105 202 78 Ralph
2469 3106 220 76 Wood,
2748 3106 208 76 Hobbie

184 3190 208 72 Hicks,
445 3192 235 75 Dewey
727 3192 214 75 Nixon,
991 3192 240 75 Bonnie
1273 3193 390 78 Thompson,
1711 3196 220 75 Daniel
1978 3199 285 75 Hudson,
2314 3204 127 70 Ella
2482 3205 66 69 V.
2596 3205 199 70 Mann,
2842 3205 111 70 Mrs.

180 3288 226 78 Agnes
456 3289 234 76 Bowen
739 3289 126 76 and
916 3291 270 75 Earnest
1231 3289 339 78 Simpkins.
1621 3294 262 73 Shelbie
1932 3297 342 81 Sheppard
2325 3301 97 76 led
2466 3304 87 73 28
2598 3304 123 73 and
2764 3303 115 75 28b
2919 3301 36 76 in

183 3402 283 60 memory
513 3388 64 73 of
621 3388 183 73 Elder
844 3388 88 73 W.
982 3387 69 75 C.
1102 3388 264 73 Barnes,
1417 3390 67 72 D.
1533 3390 291 73 T.White,
1875 3394 154 69 Buel
2074 3399 229 72 Aaron,
2352 3399 196 72 Stella
2593 3402 361 69 McWhorter,

183 3486 135 75 Ray
357 3486 238 75 Taylor,
643 3486 124 75 Mrs
813 3484 124 76 Lee
975 3484 226 76 Jones,
1248 3486 174 75 Alton
1465 3487 273 73 Warren,
1789 3490 196 79 Ralph
2029 3495 262 75 Adams,
2338 3498 180 76 Ruby
2559 3498 283 76 Conwell,

180 3583 136 58 Rex
364 3583 256 69 Bowen,
673 3582 280 70 Chester
994 3582 312 70 Wootten,
1360 3583 186 69 Mack
1588 3585 294 67 Wootten
1932 3592 127 60 and
2104 3592 169 61 John
2323 3595 357 61 Chessher.
2731 3597 106 60 For
2874 3595 82 61 the

177 3681 151 60 shut
376 3712 21 28 -
450 3679 96 61 ins
600 3679 291 61 Kenneth
945 3679 271 76 DeLong
1270 3679 96 76 led
1417 3682 150 73 467.
1620 3682 133 73 The
1807 3690 324 66 memorial
2184 3693 228 63 closed
2460 3696 141 60 with
2652 3709 213 63 prayer
2905 3693 55 79 by

175 3778 261 60 William
495 3775 334 63 Headrick.
891 3775 307 63 Leaders:
1257 3777 151 61 Nick
1461 3778 235 72 Griffin,
1753 3786 153 69 551;
1959 3786 213 69 Jesse
2229 3790 300 73 Roberts,
2586 3795 150 70 280;
2791 3792 166 73 Kathy

174 3876 325 69 Williams,
564 3876 151 69 208.

177 3972 393 63 DISMISSED
594 3972 150 63 FOR
766 3970 259 64 LUNCH.

360 4071 133 60 The
537 4069 331 61 afternoon
912 4069 265 61 session
1224 4071 300 60 resumed
1564 4072 139 61 with
1750 4075 271 64 Delores
2067 4081 294 64 McGraw
2404 4087 250 79 leading
2698 4105 159 61 song
2896 4101 61 66 on

171 4185 175 63 page
397 4171 85 76 30
535 4168 129 79 and
715 4168 147 79 236.
922 4167 307 81 Leaders:
1281 4167 241 81 Teenie
1579 4170 253 78 Moody,
1885 4176 156 72 302;
2092 4179 193 69 Willie
2341 4185 150 63 Mae
2547 4186 244 79 Haney,
2841 4186 123 79 224;

171 4269 174 60 Cora
405 4267 243 69 Sweat,
712 4264 153 72 72b;
928 4264 211 72 Curtis
1203 4263 394 75 McLendon,
1659 4269 154 72 270;
1873 4272 175 69 John
2113 4276 372 84 Etheridge,
2557 4288 193 72 101b;
2815 4285 145 75 Mary

169 4365 310 70 Gardner,
529 4365 148 70 442;
723 4362 124 73 Joe
897 4362 295 75 Beasley,
1243 4365 102 72 51;
1393 4363 247 73 Connie
1690 4366 307 75 Karduck,
2046 4375 105 69 82;
2200 4377 190 67 Gene
2437 4383 360 75 Anderson,
2844 4383 121 75 299;

171 4465 145 58 Mae
363 4464 331 73 Seymour,
748 4461 144 76 192;
942 4459 226 78 Donna
1213 4458 190 79 Duck,
1450 4461 151 76 200;
1647 4462 132 75 Ted
1825 4465 262 75 Mercer,
2142 4474 144 70 165;
2335 4476 321 79 Daphene
2701 4486 258 69 Causey,

165 4563 150 69 451;
357 4560 133 72 Ted
532 4558 123 73 and
700 4557 259 75 Marsha
996 4555 294 76 Johnson
1333 4555 126 76 and
1498 4558 328 78 daughter,
1875 4566 144 70 76b,
2067 4567 168 69 Elsie
2278 4572 298 81 Beasley,
2622 4585 150 69 527;
2811 4579 115 75 Jeff

1531 4659 82 55 36
