3150 4950
201 196 103 70 48,
360 199 105 70 57;
522 199 31 70 I.
607 201 69 69 V.
730 202 310 72 Cockrell,
1093 202 148 72 39b,
1296 204 106 70 34;
1455 201 165 73 Aver
1669 198 234 76 Crider,
1959 195 151 79 234,
2164 192 156 82 448;
2373 181 205 93 Stella
2632 175 186 99 Pratt,
2869 180 118 94 452,

201 295 151 72 460;
405 297 261 78 Tommy
718 301 207 73 Creel,
982 304 102 70 73,
1138 301 151 73 37b;
1344 300 325 75 Charlotte
1725 295 237 79 Hinkle,
2022 291 312 84 155,430;
2389 280 163 94 Unie
2607 276 67 99 B.
2733 274 252 100 Howard,

201 393 153 72 224,
426 397 148 67 148.

204 489 294 66 RECESS.

349 591 132 60 The
517 592 175 61 class
730 595 295 58 resumed
1063 594 243 76 singing
1341 592 136 78 with
1516 591 261 79 Preston
1816 586 214 84 Crider
2068 580 247 90 leading
2352 589 171 81 song
2560 588 81 82 on
2677 588 165 82 page
2872 579 112 91 80b.

202 685 307 64 Leaders:
565 691 162 58 Eron
778 693 222 69 White,
1060 694 144 67 172,
1264 693 145 69 186;
1462 688 207 76 Alpha
1720 685 211 79 Black,
1986 682 153 82 314,
2194 678 154 87 391;
2406 672 180 93 Edith
2638 670 171 94 Tate,
2865 678 112 87 129,

199 784 196 70 448b;
456 786 279 69 Mathew
783 789 268 69 Jordan,
1108 789 151 69 299,
1317 789 153 69 515;
1530 783 192 75 Essie
1777 781 277 76 Calvert,
2112 778 154 79 490,
2329 772 150 85 109;
2541 768 217 90 Flarce
2812 772 169 85 Creel,

204 882 147 69 108,
411 885 108 67 30;
582 883 177 69 Belle
813 885 208 67 Venia
1077 882 348 70 Woodard,
1485 882 151 70 340,
1698 879 151 73 269;
1909 873 363 79 Willodean
2334 868 259 84 Barton,
2661 868 139 84 145,
2854 874 121 78 434;

202 975 195 61 Marie
450 979 283 70 Guthrie,
787 982 151 67 280,
994 982 150 67 411;
1200 978 171 72 Alvin
1428 976 253 73 Parker,
1735 975 151 75 272,
1941 972 153 78 328.

202 1072 294 64 RECESS.

412 1174 175 60 Ervin
640 1176 300 58 Brothers
987 1174 273 75 brought
1305 1173 106 76 the
1459 1171 181 78 class
1689 1168 298 81 together
2035 1165 255 84 leading
2341 1179 166 70 song
2559 1179 82 70 on
2689 1180 160 69 page
2893 1171 78 78 95.

202 1269 309 63 Leaders:
565 1272 274 60 Vernice
897 1272 273 69 Calvert,
1228 1272 151 69 454,
1437 1270 153 70 530;
1648 1266 162 75 Ruth
1867 1264 270 76 Walker,
2199 1261 195 79 569b,
2460 1261 187 79 138b.
2704 1263 108 78 We
2862 1282 114 58 now

199 1381 211 61 pause
451 1375 64 67 to
558 1369 141 76 sing
745 1386 40 60 a
828 1369 321 76 memorial
1192 1368 93 78 for
1326 1383 114 63 our
1477 1365 240 81 friends
1759 1363 127 82 and
1933 1362 184 84 loved
2163 1377 169 69 ones
2374 1360 142 85 who
2557 1377 165 69 were
2764 1363 207 82 Sacred

201 1462 169 78 Harp
418 1465 270 76 Singers
739 1467 126 75 and
919 1467 211 75 lovers
1180 1465 64 76 of
1293 1462 249 79 Sacred
1596 1462 187 79 Harp.
1836 1459 150 82 This
2083 1459 52 82 is
2185 1474 40 67 a
2274 1458 150 84 time
2475 1458 66 84 of
2586 1459 246 82 sharing
2877 1467 97 75 and

196 1563 283 76 careing,
582 1564 129 75 and
760 1579 97 60 we
909 1579 156 60 care
1116 1563 198 76 about
1363 1561 171 78 each
1588 1576 130 63 one
1767 1575 100 64 we
1918 1558 144 81 sing
2118 1557 55 82 in
2229 1573 285 66 memory
2566 1558 79 81 of.
2698 1560 271 79 Alabama

196 1659 343 61 deceased
588 1677 192 45 were:
828 1662 216 75 Grady
1090 1660 295 76 Chadler,
1435 1659 169 78 Vera
1653 1657 202 79 Nunn,
1909 1656 205 81 Harlie
2163 1656 280 81 Guthrie,
2497 1656 228 81 Bessie
2769 1659 196 78 Crider,

199 1756 232 61 Marvin
481 1758 273 78 Hopper,
807 1759 253 78 Maggie
1108 1759 220 78 Parris,
1380 1759 183 78 Elder
1606 1756 244 81 Clinton
1897 1756 295 81 Gilmore,
2241 1755 199 82 Annie
2488 1755 249 82 Harper,
2784 1758 186 79 Luther

199 1855 414 72 McClendon,
660 1857 195 70 Hazel
898 1858 208 70 Moon,
1147 1858 169 70 John
1360 1855 363 73 Galbreath,
1765 1855 201 73 Violet
2007 1855 241 73 Hinton,
2295 1855 177 73 Delia
2511 1855 300 78 Stallings,
2851 1857 115 76 Lola

196 1953 343 70 Woodard,
597 1954 283 69 Blanche
933 1956 202 75 Lyles,
1188 1956 136 75 Asa
1374 1954 222 76 Smith.
1653 1953 387 78 Mississippi
2091 1954 367 76 deceased:
2512 1954 177 76 Ruby
2736 1956 231 75 Conwill.

195 2050 133 58 The
369 2050 135 60 sick
544 2052 127 58 and
712 2052 237 60 shut-in
988 2068 190 43 were:
1222 2053 186 58 Willie
1452 2052 124 60 and
1621 2052 153 60 Ettie
1819 2052 124 60 Bell
1989 2052 397 69 Blackwood,
2433 2052 165 69 Leon
2640 2052 120 69 and
2800 2053 163 67 Mavis

199 2148 196 69 Price,
448 2148 145 69 Mrs.
645 2149 232 67 Walter
922 2149 447 70 Drummonds,
1419 2151 232 69 Walter
1695 2149 126 70 and
1872 2149 169 70 Nora
2088 2149 249 70 Parker,
2389 2149 270 70 Priscilla
2703 2151 262 70 Childers,

195 2244 337 58 Willodine
598 2245 232 69 Butler,
898 2245 238 69 Mamie
1200 2247 214 67 Creel,
1479 2247 202 67 Trixie
1743 2247 343 69 Vandiver,
2155 2247 258 69 Charlie
2530 2247 276 73 Guthery
2860 2248 100 72 and

198 2340 235 58 Gilbert
481 2340 178 60 Hale.
712 2341 115 58 For
870 2341 109 58 the
1024 2343 342 58 deceased
1414 2343 168 58 Alvin
1633 2343 234 58 Parker
1912 2343 99 58 led
2058 2344 147 69 470,
2256 2346 148 67 349;
2455 2343 202 75 Henry
2703 2343 256 75 Guthery,

198 2436 99 60 led
360 2439 145 69 146,
562 2439 132 69 378
748 2439 127 69 and
931 2440 150 67 294.
1189 2439 177 69 Edith
1422 2440 159 67 Tate
1638 2440 99 67 led
1795 2442 126 66 134
1977 2440 127 67 and
2157 2440 177 67 323b
2386 2440 94 67 for
2530 2440 106 67 the
2688 2440 126 67 sick
2859 2440 100 67 and

195 2535 298 60 shut-ins.
540 2535 135 60 The
720 2536 321 60 memorial
1086 2553 138 43 was
1267 2538 225 58 closed
1536 2538 138 60 with
1719 2554 226 60 prayer
1984 2539 79 75 by
2109 2539 148 75 Ulys
2298 2539 264 75 Walker.

198 2632 394 61 DISMISSED
616 2634 151 60 FOR
790 2634 261 61 LUNCH.

382 2731 135 60 The
562 2733 333 60 afternoon
940 2733 265 60 session
1248 2749 141 45 was
1429 2734 205 60 called
1677 2742 64 52 to
1783 2736 184 58 order
2004 2736 138 58 with
2191 2736 265 60 Preston
2500 2734 210 61 Crider
2751 2733 207 76 leading

195 2845 168 61 song
414 2845 81 61 on
546 2845 174 63 page
766 2833 150 75 236.
970 2832 304 76 Leaders:
1327 2833 207 75 Henry
1581 2833 303 75 Guthery,
1932 2836 150 72 407,
2134 2836 103 72 97;
2290 2833 205 75 Henry
2538 2833 301 75 Johnson,
2883 2832 79 76 89,

201 2929 145 70 101;
406 2929 238 70 Bertha
699 2929 292 72 Henson,
1048 2932 151 69 322,
1258 2932 105 69 77;
1419 2931 229 70 Ozella
1702 2932 249 70 Chafin,
2008 2932 195 70 285b,
2260 2934 153 69 384;
2469 2932 252 70 Corene
2770 2929 186 73 White,

199 3030 147 70 126,
414 3030 157 70 216;
640 3028 286 72 Bascom
996 3030 259 72 Mattox,
1323 3030 198 72 345b,
1588 3033 109 69 88;
1764 3030 306 72 Harrison
2137 3031 213 72 Creel,
2416 3033 151 70 348,
2631 3031 144 72 512,
2833 3028 123 75 342;

198 3127 268 60 Preston
511 3127 217 61 Crider
772 3129 99 60 led
916 3130 102 70 85,
1065 3129 192 72 420b,
1303 3132 127 69 389
1476 3129 126 72 and
1644 3132 129 69 388
1816 3130 94 70 for
1953 3130 55 70 L.
2058 3132 69 69 C.
2173 3130 217 70 Crider
2433 3180 10 21 ,
2488 3130 141 70 who
2668 3145 129 55 was
2838 3127 120 73 here

195 3226 108 60 but
348 3226 102 60 did
501 3232 106 54 not
654 3226 126 60 feel
829 3228 114 58 like
991 3228 273 76 leading.
1318 3228 250 76 Brenda
1615 3228 246 76 Chafin,
1911 3231 150 73 335,
2116 3232 145 72 192;
2313 3229 142 75 Billy
2500 3229 300 75 Williams,
2844 3225 117 79 288,

193 3325 258 73 Aubrey
513 3325 267 73 Persall,
843 3327 153 72 331,
1063 3327 148 72 161;
1275 3325 303 73 Matthew
1632 3325 270 73 Jordan,
1965 3328 153 70 313,
2181 3328 151 70 28b.
2395 3327 150 72 This
2605 3322 357 76 Convention

190 3421 112 60 will
361 3427 177 54 meet
594 3421 154 60 here
807 3421 190 76 again
1057 3421 52 76 in
1173 3423 187 75 1990.
1420 3421 171 76 After
1644 3430 597 67 announcements,
2304 3424 271 73 Preston
2631 3423 204 75 Crider
2880 3417 76 81 led

192 3535 171 60 song
414 3535 82 60 on
549 3535 174 60 page
772 3522 84 73 39
907 3534 79 61 as
1035 3519 108 76 the
1192 3517 244 78 closing
1488 3532 168 63 song
1708 3519 126 76 and
1885 3520 109 75 the
2043 3522 184 73 class
2274 3538 139 57 was
2463 3519 342 76 dismissed
2845 3514 111 81 with

193 3631 228 61 prayer
465 3616 81 76 by
595 3616 148 76 Ulys
790 3616 262 76 Walker.

193 3714 361 69 Chairman,
607 3712 270 70 Preston
924 3712 234 70 Crider;
1204 3711 151 72 Vice
1401 3709 360 73 Chairman,
1804 3711 172 72 John
2026 3714 249 72 Hocutt;
2325 3717 355 73 Secretary,
2730 3712 139 78 Unie
2908 3708 46 82 B.

193 3810 298 60 Howard.

892 3910 435 79 BEASLEY
1353 3910 201 79 AND
1585 3909 175 81 LEE
1792 3910 520 85 MEMORIAL

1032 4033 283 61 Concord
1344 4032 288 63 Primitive
1662 4033 229 76 Baptist
1917 4036 244 73 Church

1314 4134 237 76 August
1573 4135 100 75 20,
1708 4135 162 75 1989

367 4237 133 60 The
543 4242 252 69 twenty-
837 4234 250 76 second
1128 4233 264 78 session
1434 4231 66 79 of
1536 4231 105 79 the
1686 4231 181 79 Elder
1902 4234 57 76 J.
2008 4236 64 75 B.
2118 4240 127 70 and
2290 4240 225 70 Emma
2560 4243 267 75 Beasley
2863 4231 96 87 and

190 4335 216 76 Phillip
460 4335 69 76 H.
589 4335 145 76 Lee,
787 4333 79 78 Hi.
931 4330 252 81 Sacred
1246 4330 169 81 Harp
1474 4329 267 82 Singing
1801 4347 142 64 was
2004 4335 213 76 called
2278 4342 307 75 together
2646 4344 78 76 by
2782 4335 177 85 Marlin

190 4432 277 75 Beasley
511 4432 249 76 leading
804 4446 207 63 songs
1053 4446 79 63 on
1177 4443 208 66 pages
1431 4429 109 79 101
1596 4428 124 81 and
1762 4429 147 79 49b.
1954 4431 133 78 The
2131 4437 282 78 morning
2458 4455 229 63 prayer
2722 4455 129 63 was
2886 4431 75 87 led

187 4531 78 75 by
306 4530 207 76 Phillip
550 4530 288 76 Gilmore.
883 4527 205 79 Marlin
1129 4525 271 81 Beasley
1438 4525 145 81 then
1627 4525 96 81 led
1759 4542 165 64 song
1966 4543 79 63 on
2085 4546 172 61 page
2293 4536 148 72 213.
2482 4537 135 70 The
2655 4542 171 66 class
2856 4546 106 61 was

187 4627 346 78 organized
582 4627 78 78 by
702 4626 247 79 elecing
996 4626 106 79 the
1147 4623 303 82 following
1498 4623 274 82 officers:
1821 4624 360 81 Chairman,
2235 4630 210 75 Marlin
2496 4636 301 81 Beasley;
2836 4635 121 82 Vice

1516 4722 121 58 130
