3183 4971
205 180 255 76 Barton,
520 189 153 72 391,
733 193 153 70 416;
946 195 274 76 Clearcy
1281 196 342 76 Rutledge,
1689 196 145 76 101,
1894 195 156 78 214;
2113 190 208 82 Kemit
2377 187 274 85 Adams,
2713 183 106 90 34,
2875 187 123 85 285;

205 276 196 64 Roxie
453 283 267 75 Keeton,
768 291 151 70 454;
969 291 270 70 Howard
1285 292 291 76 Godsey,
1627 294 102 75 72,
1782 294 103 75 73;
1938 289 255 79 Maxine
2241 283 391 85 Chambers,
2689 280 141 88 111,
2880 286 114 82 112;

205 375 36 60 ?
331 378 204 75 Hood,
586 384 103 72 61,
745 388 142 70 138,
937 390 151 69 340;
1140 390 244 69 Parnell
1434 390 205 75 Berry,
1690 391 145 73 283,
1888 390 103 75 99.

204 471 391 70 DISMISSED
618 481 150 61 FOR
790 484 259 63 LUNCH.

399 574 168 64 John
616 579 180 78 Hyde
843 582 267 81 brought
1155 585 106 78 the
1308 585 334 78 afternoon
1690 583 265 79 session
2002 588 64 75 to
2116 579 186 84 order
2349 576 255 87 leading
2652 592 201 70 songs
2926 601 58 61 on

199 685 217 63 pages
471 678 135 70 37b
660 681 129 67 and
846 682 151 66 275.
1059 682 313 66 Leaders:
1428 684 214 64 Aaron
1701 682 274 69 Keeton,
2040 681 148 70 179,
2256 676 150 75 129;
2467 675 151 76 Mae
2677 676 297 84 Seymour,

204 769 190 73 176b,
460 775 150 70 171;
673 775 57 70 L.
793 777 66 69 E.
924 778 298 73 Hannah,
1288 783 145 69 182,
1494 783 154 69 400;
1713 780 207 72 Elmer
1977 775 288 76 Conwill,
2325 775 154 76 422,
2542 775 154 76 348;
2754 777 220 75 Corene

196 865 225 75 White,
487 873 148 70 126,
696 876 154 70 379;
912 877 324 76 Margaret
1293 879 274 75 Keeton,
1629 877 129 76 and
1816 877 253 76 Gladys
2131 874 247 79 Bonds,
2439 874 153 79 426,
2656 876 103 78 78;
2817 879 156 75 Essie

198 963 279 76 Calvert,
549 970 153 70 72b,
771 973 108 70 32;
946 973 136 70 Ted
1150 975 297 76 Godsey,
1525 978 147 73 143,
1741 976 105 75 39,
1920 976 108 75 74;
2095 972 195 79 Josie
2359 970 207 81 Hyde,
2641 975 141 76 186,
2845 981 123 75 383;

198 1060 277 64 Dawson
514 1066 261 73 Adams,
819 1072 100 69 75,
967 1072 145 70 147;
1153 1072 211 70 Mertis
1404 1074 298 69 Graham,
1747 1072 147 70 "Not
1935 1071 192 72 Made
2164 1071 157 72 With
2365 1069 250 73 Hands"
2655 1075 120 67 and
2808 1077 166 67 Jesus

196 1158 157 61 Died
405 1162 94 60 for
546 1164 126 72 Me;
726 1167 358 69 Rosealtha
1132 1170 240 78 Taylor,
1425 1173 150 75 208,
1627 1171 153 76 428;
1834 1170 190 78 Emily
2071 1168 235 79 Jones,
2361 1170 193 78 499b,
2607 1173 105 75 31;
2758 1174 207 73 Clinton

196 1255 291 79 Godsey,
543 1261 145 73 122;
738 1263 178 72 Viola
961 1266 249 78 Young,
1266 1270 144 73 155,
1467 1270 145 73 108;
1663 1266 174 78 Cecil
1885 1266 376 78 Wakefield,
2317 1269 145 75 168,
2512 1270 150 73 203;
2710 1272 120 72 Ora
2872 1276 97 67 Lee

195 1351 259 75 Fannin,
502 1359 148 70 406,
700 1363 148 66 565.
901 1362 225 67 Pernie
1173 1365 244 75 Pelfrey
1465 1363 99 76 led
1611 1380 211 61 songs
1867 1380 84 61 on
1998 1380 214 61 pages
2259 1366 147 75 74b,
2454 1368 130 73 317
2629 1371 120 70 and
2793 1374 72 67 67
2902 1392 60 49 as

192 1449 106 61 the
337 1452 243 79 closing
621 1471 225 63 songs.
892 1459 277 75 Dawson
1210 1462 241 72 Adams
1491 1462 346 72 dismissed
1879 1461 108 73 the
2026 1462 178 72 class
2241 1464 138 70 with
2421 1480 237 61 prayer.

193 1546 364 75 Chairman,
612 1552 238 69 Robert
897 1555 315 78 Aldridge;
1263 1558 153 75 Vice
1464 1558 366 75 Chairman,
1882 1558 219 75 Travis
2152 1560 271 73 Keeton;
2475 1563 343 82 Secretary,
2863 1572 102 73 Ora

193 1642 121 61 Lee
343 1644 246 64 Fannin.

783 1750 229 82 CITY
1048 1756 315 79 HALL-
1396 1758 510 94 ASHLAND,
1945 1761 484 91 ALABAMA

1203 1884 471 61 SEPTEMBER
1699 1887 99 69 24,
1833 1888 165 67 1989

343 1968 132 61 The
513 1974 229 60 annual
780 1975 244 81 singing
1065 1978 120 78 has
1221 1980 168 76 been
1425 1981 298 78 changed
1759 1983 154 76 from
1948 1984 108 75 the
2092 1984 193 76 Wynn
2326 1986 268 81 Building
2629 1996 61 70 to
2721 1992 96 75 the
2847 1995 103 76 City

190 2064 153 73 Hall,
396 2074 148 63 next
589 2076 64 61 to
699 2071 111 66 the
858 2076 342 75 postoffice
1251 2077 54 73 in
1353 2079 307 72 Ashland,
1713 2080 331 70 Alabama.
2095 2083 132 67 The
2274 2086 178 64 class
2499 2103 133 48 was
2679 2091 183 60 called
2901 2098 46 54 to

187 2164 189 61 order
421 2166 81 76 by
549 2167 108 75 the
705 2170 327 72 chairman
1086 2175 250 78 leading
1386 2193 169 63 song
1606 2194 82 61 on
1738 2196 174 61 page
1959 2184 103 73 37.
2115 2181 133 76 The
2295 2184 180 73 class
2523 2188 324 76 organized
2887 2191 60 75 by

184 2260 277 81 electing
508 2265 109 76 the
661 2266 312 81 following
1021 2272 279 75 officers:
1351 2275 363 73 Chairman,
1801 2278 178 78 Jerry
2025 2281 364 78 Sheppard;
2436 2284 150 75 Vice
2631 2286 312 73 Chairman,

183 2359 57 61 J.
297 2361 64 61 E.
418 2362 268 75 Forbes;
739 2367 363 78 Secretary,
1158 2371 157 73 Lora
1366 2374 235 76 Kelley;
1653 2377 346 79 Arranging
2052 2380 400 76 Committee,
2502 2385 166 72 John
2718 2386 225 70 Forman

186 2460 126 58 and
355 2458 247 81 Harvey
639 2464 238 75 Austin.
951 2467 178 76 Jerry
1168 2470 339 78 Sheppard
1549 2473 99 75 led
1686 2491 166 61 song
1894 2491 81 61 on
2014 2494 171 63 page
2224 2482 100 75 48,
2370 2482 126 75 and
2536 2482 238 75 leaders
2808 2500 135 57 were

184 2557 231 61 called:
465 2559 172 63 John
690 2562 291 75 Forman,
1041 2568 144 70 100,
1240 2569 103 70 63;
1398 2571 270 78 Eugene
1720 2574 262 75 Forbes,
2037 2578 102 70 89,
2193 2580 105 69 87;
2350 2580 156 69 Lora
2556 2580 219 76 Kelley,
2821 2584 117 72 317,

181 2656 153 70 217;
387 2656 252 78 Harvey
684 2661 243 73 Austin,
979 2665 102 70 75,
1132 2668 106 69 36;
1293 2668 223 69 Mozell
1567 2671 361 78 Sheppard,
1981 2676 103 73 67,
2137 2677 103 72 73;
2286 2677 187 72 Josie
2521 2679 253 70 Gibson,
2824 2682 112 67 168,

180 2754 154 70 480;
391 2754 144 70 Lois
591 2757 313 75 Stanson,
967 2763 144 70 123,
1173 2766 192 72 176b;
1423 2766 237 72 Hubert
1714 2770 237 73 Green,
2008 2775 148 69 358,
2214 2776 151 70 334;
2421 2776 207 70 Milton
2677 2776 258 70 Wallace,

178 2853 156 70 318,
400 2856 156 67 212.

181 2949 297 63 RECESS.

370 3049 180 76 Jerry
595 3052 342 79 Sheppard
981 3057 205 75 called
1233 3058 106 73 the
1383 3060 178 72 class
1605 3064 295 75 together
1942 3066 250 79 leading
2236 3084 168 61 song
2451 3085 79 60 on
2575 3085 163 61 page
2781 3069 151 78 145b.

180 3145 309 63 Leaders:
547 3150 154 61 Irma
750 3151 232 73 Jones,
1036 3156 150 70 384,
1243 3156 147 70 "Not
1443 3156 193 70 Made
1687 3160 156 66 With
1899 3160 277 76 Hands";
2227 3166 174 70 Cecil
2455 3168 310 69 Edwards,
2812 3166 118 70 332,

175 3246 153 70 418;
388 3246 181 76 Betty
625 3249 268 73 Forbes,
952 3253 195 69 566b,
1212 3255 189 70 147b;
1455 3255 172 70 John
1686 3258 69 67 H.
1813 3261 241 72 Green,
2118 3264 145 70 155,
2320 3265 151 70 405;
2530 3265 190 70 Dollie
2772 3262 159 73 Bush,

174 3345 150 70 290,
379 3346 153 70 340;
585 3346 187 70 Odell
826 3348 373 73 Cleveland,
1261 3354 144 69 126,
1459 3354 148 70 216,
1663 3355 148 72 342,
1867 3361 154 69 421;
2076 3360 270 79 Virginia
2398 3363 217 76 Futral,
2668 3366 96 73 46,
2817 3361 114 78 164;

172 3441 259 61 William
484 3444 334 73 Headrick,
876 3448 144 69 148,
1074 3450 147 69 513,
1276 3451 145 69 496,
1476 3453 151 69 208;
1681 3451 271 70 Charles
2004 3459 207 72 Creel,
2263 3463 151 69 328,
2466 3463 147 69 428,
2664 3463 135 69 440.

174 3538 396 64 DISMISSED
592 3543 150 60 FOR
765 3544 259 61 LUNCH.

325 3637 132 63 The
495 3642 328 61 afternoon
862 3643 259 60 session
1162 3645 294 60 resumed
1492 3646 136 60 with
1665 3646 54 63 J.
1762 3649 61 61 E.
1899 3651 240 66 Forbes
2178 3655 246 81 leading
2493 3675 160 61 song
2689 3673 73 63 on
2796 3669 133 67 page

168 3738 148 60 321.
366 3738 304 61 Leaders:
712 3739 213 61 Vivian
967 3741 225 70 Oliver,
1237 3742 145 70 203,
1434 3745 144 69 196;
1624 3744 76 70 M.
1750 3747 64 67 B.
1863 3748 262 76 Forbes,
2170 3754 232 78 played
2445 3757 175 75 three
2661 3763 172 69 tunes
2868 3765 60 67 on

171 3835 99 60 his
336 3837 180 76 harp.
585 3837 234 76 Lucille
882 3838 294 75 Forman,
1243 3841 105 72 43,
1416 3843 153 70 298;
1636 3843 213 70 Leslie
1914 3847 307 76 Roberts,
2293 3856 150 70 186,
2514 3858 147 70 187;
2721 3852 207 76 Gladys

166 3931 333 73 Williams,
574 3936 106 70 64,
762 3937 150 69 112;
985 3936 160 70 Lora
1216 3934 243 78 Kelley,
1531 3940 157 72 236;
1761 3942 282 79 Eugene
2116 3948 276 76 Forbes,
2472 3955 150 70 143;
2692 3948 234 78 Mozelle

166 4030 360 79 Sheppard,
573 4033 150 76 441;
768 4032 171 78 Cecil
984 4032 319 78 Edwards,
1348 4038 148 72 490;
1543 4036 234 73 Hubert
1818 4041 235 75 Green,
2100 4047 153 73 218;
2335 4050 141 70 Lois
2520 4054 289 67 Stanson,
2848 4047 78 75 99;

166 4128 249 76 Harvey
462 4131 241 73 Austin,
751 4132 151 72 335;
990 4129 186 75 Josie
1224 4131 267 73 Gibson,
1539 4135 151 70 215;
1737 4137 180 79 Jerry
1963 4141 366 81 Sheppard,
2380 4152 151 72 224;
2586 4152 147 72 Irma

159 4227 351 72 Jones,40;
561 4227 210 72 Milton
820 4228 300 70 Wallace,
1171 4231 150 69 259;
1372 4228 183 72 Odell
1606 4233 373 76 Cleveland,
2032 4242 153 72 277;
2236 4245 277 69 Charles
2563 4249 199 70 Creel,
2809 4245 115 75 535;

160 4324 270 76 Virginia
483 4326 199 75 Futral
733 4326 160 75 "The
945 4326 196 75 Great
1189 4326 130 75 Roll
1371 4327 183 73 Call";
1603 4330 169 70 John
1825 4333 238 73 Green,
2122 4342 145 69 170;
2323 4344 198 67 Dollie
2574 4348 189 70 Bush,
2815 4342 109 76 189;

162 4422 183 73 Betty
405 4422 268 73 Forbes,
736 4423 154 72 69b;
948 4422 261 73 William
1270 4423 334 72 Headrick,
1668 4428 153 70 436;
1885 4431 210 67 Leslie
2157 4437 304 76 Roberts,
2526 4447 154 70 214;
2740 4438 184 79 Lucille

160 4518 295 72 Forman,
519 4519 153 72 569;
735 4519 249 76 Gladys
1042 4519 321 76 Williams,
1432 4524 148 72 108;
1641 4522 217 73 Vivian
1920 4528 235 73 Oliver,
2218 4536 154 72 325;
2433 4540 177 67 John
2673 4545 250 63 Forman,

160 4618 142 58 144.
348 4615 178 78 Jerry
568 4617 340 79 Sheppard
954 4617 97 79 led
1093 4620 148 76 543,
1285 4620 147 76 470,
1479 4621 84 75 45
1606 4623 126 73 and
1774 4626 130 70 400
1945 4626 94 70 for
2077 4629 247 82 closing
2370 4651 232 66 songs.

1503 4720 118 58 148
