3184 4971
474 226 147 58 First
645 228 267 64 -Martha
939 234 234 78 Harper
1198 238 103 73 Nix
1329 271 21 40 -
1378 240 190 72 Lewis
1597 241 235 70 Keeton
1863 240 309 72 Memorial
2202 240 253 79 Singing
2487 271 21 48 -
2535 237 154 82 New

322 315 351 69 Flatwoods
699 327 246 63 Church
973 364 21 25 -
1018 333 40 60 3
1086 334 175 61 miles
1285 337 186 60 south
1498 339 63 58 of
1587 339 277 70 Nauvoo,
1893 339 319 70 Alabama.
2238 339 147 70 Just
2410 337 63 72 of
2494 340 148 69 east
2667 331 64 78 of

324 411 193 64 HWY.
552 420 96 58 11.
679 421 262 63 Nauvoo
967 433 60 52 to
1054 429 247 61 Carbon
1333 432 117 60 Hill.

475 511 147 63 First
645 549 21 25 -
694 517 297 78 Ephesus
1018 523 231 72 School
1275 528 384 73 Auditorium,
1692 531 312 78 Ephesus,
2034 531 273 78 Georgia
2331 561 24 48 -
2383 529 102 79 Mr.
2517 525 124 84 and
2673 522 124 87 Mrs

324 604 195 66 Frank
544 612 246 79 Rogers
819 616 330 75 Memorial.

475 708 147 63 First
645 745 21 25 -
694 714 214 63 Salem
939 718 243 61 Church
1209 753 21 27 -
1257 726 37 55 5
1321 723 175 61 miles
1524 724 355 63 Southwest
1905 727 63 60 of
1993 726 226 72 Gordo,
2250 724 324 73 Alabama.

472 807 307 81 Saturday
810 814 184 76 (only)
1023 817 216 73 before
1263 820 105 70 the
1392 823 126 67 2nd
1545 823 258 76 Sunday
1828 859 19 40 -
1878 825 280 75 Missouri
2185 826 180 73 State
2391 814 396 85 Convention

324 901 280 81 Murphy-
634 909 151 73 Blair
808 910 387 81 Community
1222 916 264 75 Church,
1519 921 84 70 St.
1633 921 198 73 Louis,
1861 924 298 70 Missouri.

472 1011 258 63 Second
760 1048 21 25 -
807 1017 228 63 Oxford
1063 1069 12 21 ,
1108 1021 387 79 Mississippi,
1524 1027 129 75 City
1680 1027 144 75 Hall,
1854 1045 81 57 on
1960 1032 105 70 the
2089 1032 268 75 Square.

472 1108 258 63 Second
760 1146 21 25 -
810 1113 283 79 Pilgrim's
1123 1119 154 73 Rest
1305 1120 289 72 Primitive
1623 1125 231 76 Baptist
1879 1126 261 75 Church,
2170 1143 81 58 on
2281 1126 165 75 Hwy.
2478 1123 100 78 96,

322 1203 382 78 Centerville,
736 1210 288 79 Georgia.
1059 1215 124 75 Exit
1207 1216 85 73 off
1320 1219 21 70 1
1360 1221 105 69 -75
1494 1227 61 63 at
1579 1221 297 69 Houser's
1905 1225 108 64 Mill
2038 1227 136 70 exit,
2202 1242 85 61 go
2313 1228 145 75 east
2484 1236 82 67 on
2595 1218 150 85 Hwy
2772 1216 82 87 96

319 1300 91 63 for
433 1306 39 57 4
502 1306 195 61 miles.
726 1309 246 61 Church
1000 1327 79 45 on
1110 1314 163 76 right.

472 1402 258 61 Second
760 1438 21 25 -
805 1405 118 61 Old
951 1408 184 60 Clear
1159 1411 205 60 Creek
1389 1414 243 60 Church
1683 1416 145 75 Hwy
1852 1420 82 70 75
1959 1426 61 64 to
2049 1422 145 73 Hwy
2223 1423 141 72 168,
2392 1425 148 70 east
2566 1432 81 63 on
2677 1416 147 79 Hwy

325 1497 139 70 168,
496 1498 283 78 Douglas
802 1509 63 67 to
894 1503 190 73 Boaz,
1111 1506 322 72 Alabama,
1465 1510 190 67 about
1678 1510 117 67 five
1824 1515 174 63 miles
2025 1548 21 30 -
2070 1518 246 60 second
2344 1516 292 73 blacktop
2662 1512 148 78 road
2841 1527 37 63 o

322 1593 148 78 right
493 1629 22 42 -
541 1597 175 73 three
745 1599 177 72 miles
948 1606 63 64 to
1033 1603 247 67 second
1308 1605 228 66 church
1564 1608 280 78 building.

474 1692 210 61 March
717 1698 78 57 16
822 1729 19 25 -
871 1696 211 76 Friday
1110 1701 165 75 night
1320 1702 216 73 before
1561 1705 105 70 the
1692 1707 145 69 third
1864 1708 259 76 Sunday
2151 1708 591 78 Stephenson-Wall

322 1788 315 63 Memorial
666 1824 21 27 -
717 1792 210 72 Boldo,
958 1795 304 69 Alabama
1290 1848 12 16 .
1333 1800 297 64 Pleasant
1657 1801 207 63 Grove
1891 1803 291 63 Primitive
2211 1807 234 76 Baptist
2473 1807 244 76 Church
2745 1839 21 45 -

321 1887 39 57 6
387 1887 178 60 miles
594 1890 322 61 northeast
940 1893 64 60 of
1024 1893 252 79 Jasper,
1305 1897 321 75 Alabama,
1657 1915 79 57 on
1767 1900 145 78 Hwy
1938 1905 99 73 69.

472 1984 307 79 Saturday
811 1990 186 76 (only)
1026 1992 217 75 before
1267 1995 105 72 the
1398 1996 108 70 3rd
1536 1998 256 76 Sunday
1821 2032 19 42 -
1866 2001 255 73 Antioch
2149 2002 382 72 Church-12
2559 2004 174 70 miles
2758 2013 100 61 out

319 2082 64 61 of
409 2083 202 63 Rome
639 2092 63 54 to
727 2088 444 75 Summerville,
1201 2094 291 78 Georgia.
1525 2097 163 75 Hwy.
1716 2100 84 72 27
1846 2104 129 67 turn
2004 2100 102 72 left
2128 2107 148 64 onto
2302 2103 186 76 Spivy
2515 2103 195 76 Road.

471 2184 174 61 Third
672 2220 21 25 -
720 2187 333 82 beginning
1083 2197 63 72 at
1173 2194 21 75 1
1236 2206 142 64 p.m.
1410 2227 19 43 -
1456 2193 129 78 The
1615 2196 120 78 Log
1764 2197 216 76 Cabin,
2011 2199 262 76 Godsey
2302 2202 195 73 Road,
2533 2206 18 69 1
2596 2203 130 72 mile

321 2283 337 63 northwest
684 2286 63 60 of
772 2287 243 61 Double
1041 2290 607 81 Springs,Alabama.

469 2383 174 61 Third
670 2418 22 27 -
718 2386 258 61 Antioch
1006 2388 333 64 Methodist
1365 2392 244 61 Church
1638 2428 21 25 -
1683 2397 186 58 south
1899 2398 61 58 of
1986 2398 144 76 Hwy
2155 2401 81 73 46
2263 2400 148 75 from
2442 2401 207 73 Heflin,

316 2481 327 75 Alabama,
675 2485 99 70 left
799 2500 81 55 on
910 2487 148 79 Hwy
1084 2491 99 75 62,
1212 2506 184 60 cross
1423 2493 150 73 river
1596 2494 123 72 and
1746 2502 129 64 turn
1905 2496 147 78 right
2074 2514 81 60 on
2185 2499 144 75 Hwy
2353 2502 100 72 49.

468 2581 175 63 Third
670 2617 21 27 -
718 2584 295 63 Garrison
1045 2587 312 64 Memorial
1386 2625 21 27 -
1432 2590 141 63 Oak
1597 2593 207 60 Grove
1833 2595 291 63 Primitive
2152 2596 232 78 Baptist
2407 2599 262 75 Church,

319 2680 439 79 Birmingham-
789 2683 312 79 Hopewell
1134 2688 195 75 Road,
1360 2691 366 79 Alpharetta,
1758 2694 273 78 Georgia
2058 2697 279 76 (Cooper
2359 2698 213 76 Book).

466 2781 175 63 Third
667 2817 21 27 -
718 2784 214 61 Mount
958 2785 300 63 Pleasant
1284 2788 244 61 Church
1557 2824 21 25 -
1603 2793 37 58 9
1671 2791 172 61 miles
1870 2800 145 54 east
2038 2794 66 60 of
2128 2794 187 72 Boaz,
2344 2796 319 72 Alabama,
2694 2797 121 70 and
2841 2800 39 67 2

316 2880 177 61 miles
520 2883 186 60 south
738 2883 60 60 of
823 2884 351 73 Crossville,
1206 2887 319 70 Alabama.

466 2980 220 61 Fourth
714 2982 127 60 and
867 2983 309 78 Saturday
1203 2986 216 75 before
1443 3021 21 40 -
1492 2989 271 78 Georgia
1789 2991 175 76 State
1993 2992 384 75 Convention
2406 3027 21 40 -
2460 2995 163 72 1990
2649 2995 235 72 Sessioi

315 3079 103 78 Big
448 3079 205 78 Creek
682 3081 294 76 Primitive
1005 3082 231 78 Baptist
1263 3085 262 75 Church,
1555 3103 79 57 on
1666 3087 142 76 Hwy
1840 3090 135 73 120,
2010 3090 43 73 E
2080 3090 64 73 of
2166 3090 369 76 Alpharetta,
2568 3094 123 72 GA.
2721 3094 117 72 exit

312 3177 133 63 GA-
471 3181 127 60 400
627 3186 60 55 at
714 3181 394 78 Statebridge
1135 3183 198 76 Road,
1362 3190 130 69 turn
1518 3192 160 67 east.

1464 3279 264 76 APRIL,
1768 3282 178 73 1990

441 3390 147 58 First
612 3421 21 27 -
663 3390 214 58 Bethel
907 3390 289 58 Primitive
1227 3388 231 76 Baptist
1483 3390 241 75 Church
1752 3423 21 42 -
1801 3391 160 73 Hwy.
1993 3393 55 72 9,
2083 3393 21 72 1
2145 3391 136 73 mile
2308 3394 171 70 north
2508 3394 64 70 of

288 3487 216 70 Bruce,
535 3486 391 78 Mississippi.

438 3585 147 60 First
609 3618 21 27 -
658 3583 430 61 Edwardsville
1119 3585 231 76 Baptist
1375 3585 241 76 Church
1644 3616 21 45 -
1692 3586 37 75 6
1758 3585 172 76 miles
1957 3591 144 70 east
2125 3585 64 76 of
2214 3586 208 75 Heflin,
2452 3591 327 76 Alabama,

283 3684 85 58 off
417 3682 145 75 Hwy
588 3684 100 73 78.

435 3780 147 58 First
606 3813 21 25 -
673 3780 118 58 Old
822 3778 172 60 Enon
1023 3777 241 61 Church
1293 3811 19 27 -
1344 3778 177 60 North
1549 3777 64 61 of
1638 3778 157 73 Lynn
1824 3778 318 73 Alabama.

430 3886 307 75 Saturday
768 3886 183 75 (only)
981 3885 214 76 before
1219 3885 126 76 2nd
1371 3883 436 78 Sunday-April
1834 3886 37 75 7
1899 3918 19 43 -
1945 3885 289 76 Vermont
2260 3889 175 72 State

280 3984 405 61 Convention.

427 4081 307 73 Saturday
763 4080 184 75 (only)
976 4080 214 75 before
1215 4078 126 76 2nd
1366 4078 258 76 Sunday
1650 4111 19 43 -
1696 4080 175 75 State
1900 4080 138 75 Line
2068 4081 231 76 Baptist
2326 4084 246 73 Church
2599 4126 21 31 -
2641 4095 127 76 just

276 4194 150 46 over
448 4177 273 76 Georgia
750 4177 112 76 line
889 4209 19 45 -
936 4179 39 75 2
1005 4176 171 78 miles
1204 4176 60 78 of
1291 4174 189 79 HWY.
1513 4177 96 76 78.

424 4282 256 60 Second
709 4314 21 28 -
756 4281 252 61 Antioch
1038 4281 231 75 Baptist
1296 4281 240 75 Church
1564 4314 19 42 -
1609 4285 39 70 5
1675 4281 174 75 miles
1878 4284 166 72 north
2074 4285 64 70 of
2163 4285 144 70 Ider,
2335 4290 324 67 Alabama,
2692 4300 100 61 left

271 4398 79 43 on
382 4381 162 72 Hwy.
574 4380 99 73 75.

420 4473 258 61 Second
705 4506 21 28 -
751 4473 139 61 Oak
916 4473 204 61 Grove
1150 4471 288 63 Primitive
1467 4471 231 76 Baptist
1722 4474 261 73 Church,
2016 4476 754 87 Birmingham-Hopewell

270 4573 196 69 Road,
520 4570 171 72 north
718 4569 64 73 of
801 4567 367 76 Alpharetta,
1200 4567 286 76 Georgia.

1656 4666 39 57 4
