3150 4950
151 153 283 72 Calvert,
502 154 114 72 34;
682 153 178 73 Nora
925 156 256 73 Collett,
1249 159 157 70 217;
1474 157 355 72 Lawrence
1896 150 439 79 Underwood,
2403 151 156 78 300,
2632 148 148 81 189,
2848 147 157 82 273;

156 255 241 63 Eunice
450 253 315 73 Kimbrell,
817 258 154 69 448;
1027 256 249 70 Martha
1321 256 349 70 Woodard,
1722 256 151 70 434,
1926 255 154 72 331;
2133 252 270 75 Clayton
2458 247 190 79 Ezell,
2701 249 106 78 39,
2866 247 148 79 196;

157 357 220 63 Flarce
427 355 213 72 Creel,
697 357 148 70 166,
898 358 156 70 566;
1105 357 199 72 Marie
1351 355 285 73 Guthrie,
1696 357 145 72 192,
1897 355 150 73 113;
2100 351 141 78 Bob
2289 349 264 79 Fannin,
2604 349 157 79 430;
2811 346 67 82 B.
2934 345 79 84 M.

157 457 225 70 Smith,
447 457 148 70 171,
654 457 157 70 441;
873 456 246 72 Barrett
1173 454 264 78 Ashley,
1501 457 148 75 137.

162 556 297 63 RECESS.

348 657 136 60 The
526 655 184 61 class
756 655 309 61 resumed
1107 654 255 78 singing
1404 654 141 78 with
1630 652 178 79 Ervin
1854 651 301 81 Brothers
2200 648 256 84 leading
2499 663 171 69 song
2715 663 84 69 on
2845 661 175 70 page

163 759 147 60 201.
364 756 310 63 Leaders:
723 754 274 64 Vernice
1047 754 273 70 Calvert,
1371 756 151 69 454,
1570 754 154 70 411;
1774 751 132 73 Ora
1954 751 127 73 Lee
2133 748 262 76 Fannin,
2445 750 151 75 421,
2647 745 153 79 64b;
2853 745 159 79 Pete

168 858 274 70 Hames,
514 856 154 72 569,
745 856 108 72 68;
922 855 144 73 Ava
1132 852 423 76 Blackwood,
1626 852 325 76 38b,142;
2023 850 220 78 Milton
2313 847 240 81 Oliver,
2625 847 159 81 384,
2854 847 157 81 222;

169 955 232 63 Pernie
463 954 277 76 Pelfrey,
805 955 156 75 371,
1026 952 202 78 275b;
1294 952 310 78 Harrison
1665 949 217 81 Creel,
1944 951 156 79 512,
2161 949 159 81 376;
2377 946 255 84 Jermie
2692 943 318 87 Gilliland,

174 1059 160 60 111.

174 1155 393 63 DISMISSED
591 1153 153 64 FOR
765 1153 265 64 LUNCH.

339 1255 135 60 The
510 1254 183 61 class
729 1269 141 46 was
909 1252 271 78 brought
1215 1258 66 72 to
1317 1251 187 79 order
1540 1251 81 79 by
1659 1249 178 81 Ervin
1879 1248 298 82 Brothers
2217 1245 255 85 leading
2509 1260 169 70 song
2719 1260 84 70 on
2842 1258 175 72 page

172 1359 150 58 378.
378 1354 310 63 Leaders:
742 1353 204 64 Steve
999 1351 315 72 Lambert,
1372 1351 190 72 145b,
1617 1351 151 72 482,
1822 1350 153 73 498;
2028 1347 214 76 Loven
2298 1345 295 78 Earnest,
2647 1345 153 78 498;
2857 1342 34 81 I.
2944 1341 69 82 V.

175 1455 340 70 Crockrell,
583 1455 148 70 110,
793 1455 156 70 426;
1011 1452 229 73 Lamar
1296 1450 225 75 Smith,
1582 1447 363 78 36b,343b;
2008 1446 231 79 Earnie
2301 1443 247 82 Daniel,
2610 1444 156 81 340;
2826 1441 193 84 Lydia

177 1554 571 70 Braswell,"Don't
816 1552 271 72 Greave
1156 1549 177 75 Your
1399 1549 309 75 Mother",
1780 1549 159 75 436;
2013 1546 240 78 Rhoda
2322 1543 243 81 Norris,
2635 1543 159 81 392,
2866 1543 159 81 208;

178 1654 271 60 Preston
504 1651 240 70 Crider,
799 1653 153 69 412,
1008 1651 153 70 558;
1215 1648 235 73 Corine
1500 1647 228 75 White,
1786 1648 147 73 126,
1986 1647 153 75 379;
2242 1644 274 78 Preston
2569 1641 240 81 Crider,
2865 1642 153 79 568;

180 1752 205 61 Helen
450 1750 321 70 Lambert,
835 1750 156 70 277,
1056 1750 156 70 337;
1275 1747 264 73 Carlton
1600 1746 229 75 Wood,
1896 1746 153 75 457,
2113 1746 154 75 455;
2334 1743 285 78 Carmon
2686 1740 330 81 Brothers,

175 1854 154 67 490;
381 1851 166 73 Hoyt
598 1848 307 76 Renfroe,
958 1849 154 75 403,
1165 1849 154 75 288;
1375 1846 183 78 Larry
1609 1845 312 79 Lambert,
1975 1845 154 79 332;
2185 1842 349 82 Lawrence
2586 1837 432 87 Underwood,

178 1953 148 69 308;
372 1948 174 73 Cecil
591 1947 307 75 Gilliland,
945 1948 150 73 478.
1141 1945 133 76 The
1320 1945 256 76 officers
1621 1944 99 78 led
1765 1942 108 79 the
1915 1941 246 81 closing
2206 1956 168 66 song
2419 1956 82 66 on
2548 1954 172 67 page
2764 1939 85 82 46
2893 1936 126 85 and

180 2050 106 60 the
328 2049 181 61 class
552 2062 141 48 was
738 2046 354 64 dismissed
1137 2044 141 66 with
1324 2059 226 63 prayer
1594 2043 79 79 by
1758 2041 175 81 Ervin
1983 2038 318 84 Brothers.

180 2148 364 70 Chairman,
600 2146 180 72 Ervin
832 2143 325 75 Brothers;
1204 2143 157 75 Vice
1408 2142 366 76 Chairman,
1827 2140 177 78 Cecil
2052 2137 310 81 Gilliland;
2410 2137 366 81 Secretary,
2826 2134 207 84 Alpha

184 2248 210 60 Black.

948 2347 339 82 BOLDO
1315 2344 517 85 MEMORIAL
1860 2341 402 88 SINGING

1176 2473 142 60 Five
1348 2472 174 61 miles
1551 2472 151 61 East
1728 2470 64 63 of
1809 2470 237 76 Jasper

1344 2572 207 61 March
1584 2574 96 69 17,
1714 2574 163 69 1989

421 2679 136 60 The
606 2676 237 63 annual
895 2674 219 75 Friday
1164 2673 183 78 Night
1395 2670 325 81 Memorial
1767 2668 249 82 Sacred
2065 2668 169 82 Harp
2280 2665 264 85 Singing
2589 2677 141 73 was
2778 2664 145 87 held
2973 2670 61 81 at

187 2779 304 58 Pleasant
534 2778 214 60 Grove
790 2773 306 64 Primitive
1141 2772 243 76 Baptist
1422 2769 274 79 Church.
1740 2767 133 81 The
1915 2767 180 81 class
2133 2781 139 67 was
2313 2764 208 84 called
2560 2769 64 79 to
2667 2764 186 84 order
2892 2767 64 81 at
2994 2764 39 84 6

184 2893 55 61 p.
289 2893 76 61 m.
411 2875 81 79 by
535 2875 270 79 Preston
852 2872 217 82 Crider
1111 2869 250 85 leading
1404 2883 168 72 song
1615 2883 84 72 on
1741 2881 172 73 page
1956 2866 102 88 60.
2143 2863 232 91 Prayer
2409 2877 142 78 was
2595 2860 96 94 led
2737 2860 78 94 by
2853 2860 171 94 John

187 2974 268 61 Howard
511 2971 340 75 Woodley.
913 2971 276 75 Preston
1249 2968 220 78 Crider
1519 2967 154 79 then
1734 2964 100 82 led
1890 2979 171 67 song
2119 2977 81 69 on
2257 2976 177 70 page
2490 2962 105 84 91.
2652 2959 136 87 The
2842 2958 184 88 class

184 3073 352 78 organized
589 3072 82 79 by
723 3069 280 82 electing
1057 3067 264 84 officers
1374 3081 79 70 as
1501 3063 271 88 follows:
1825 3061 369 90 Chairman,
2250 3060 276 91 Preston
2578 3057 240 94 Crider;
2871 3054 156 97 Vice

186 3171 391 70 Chairman,
672 3168 247 73 Velton
1012 3165 274 76 Chafin;
1380 3163 394 78 Secretary,
1867 3157 355 84 Willodine
2316 3156 249 85 Butler;
2656 3154 376 87 Arranging

186 3270 414 70 Committee,
666 3267 237 73 Ozella
964 3264 256 76 Chafin.
1290 3262 276 78 Preston
1629 3258 226 82 Crider
1911 3256 157 84 then
2133 3255 100 85 led
2295 3270 174 70 song
2533 3268 82 72 on
2679 3268 178 72 page
2919 3255 105 85 92.

186 3370 309 60 Leaders:
537 3367 232 63 Velton
814 3363 255 70 Chafin,
1117 3364 106 69 98,
1276 3363 148 70 101;
1471 3358 154 75 Tina
1672 3355 298 78 Langley,
2016 3355 106 78 36,
2170 3355 154 78 354;
2371 3351 352 82 Willodean
2773 3351 252 82 Barton,

186 3471 148 67 391,
390 3469 156 69 373;
601 3463 270 75 Tressie
924 3462 264 76 Adkins,
1245 3457 151 81 217,
1453 3459 150 79 222,
1662 3457 105 81 78;
1822 3453 274 85 Vernice
2151 3451 279 87 Calvert,
2484 3451 153 87 322,
2694 3451 106 87 56;
2860 3448 166 90 Elvin

187 3565 288 70 Guthrie,
543 3565 106 70 69,
715 3562 159 73 544;
942 3559 214 76 Henry
1219 3556 310 79 Guthery,
1594 3553 154 82 504,
1813 3553 157 82 505;
2037 3549 151 87 Mae
2251 3547 346 88 Seymour,
2668 3547 150 88 171,
2883 3547 151 88 460,

190 3666 147 70 101;
406 3661 199 75 Essie
669 3660 289 76 Calvert,
1021 3658 157 78 426,
1243 3655 159 81 378;
1468 3652 163 84 Furn
1696 3649 337 87 Kitchens,
2100 3646 156 90 343,
2319 3646 157 90 345,
2541 3646 159 90 201;
2763 3643 270 93 Tommy

187 3763 207 72 Creel,
451 3762 154 73 37b,
661 3760 154 75 212.

189 3862 297 61 RECESS.

330 3963 135 60 The
499 3961 181 61 class
712 3973 142 49 was
888 3954 205 69 called
1126 3958 63 64 to
1225 3951 184 72 order
1441 3948 79 76 by
1554 3946 222 78 Velton
1812 3942 225 82 Chafin
2073 3942 250 82 leading
2356 3955 169 69 song
2560 3957 82 67 on
2679 3954 172 70 page
2886 3940 144 84 70b.

189 4062 268 61 Leader:
516 4059 201 64 Marie
771 4053 289 72 Guthrie,
1116 4054 154 70 430,
1324 4050 156 75 389;
1537 4045 178 79 Edith
1768 4044 181 81 Tate,
2005 4044 151 81 436,
2214 4042 154 82 446;
2424 4039 246 85 Cassie
2724 4039 306 85 Franklin,

190 4164 145 70 100,
399 4162 160 72 342;
619 4158 132 76 Joe
816 4152 312 82 Beasley,
1192 4152 156 82 360,
1411 4149 109 85 51;
1584 4144 139 90 Ann
1782 4141 154 93 Jett,
1999 4143 109 91 48,
2178 4141 150 93 146;
2391 4138 168 96 Aver
2617 4138 243 96 Crider,
2925 4140 106 94 30,

189 4261 193 73 176b;
436 4257 280 81 Virginia
771 4254 321 84 Bonham,
1146 4251 109 87 87,
1311 4246 156 91 58b;
1522 4243 178 94 Mary
1750 4240 316 97 Gardner,
2124 4240 108 97 43,
2286 4240 157 97 300;
2497 4237 174 100 Elsie
2727 4237 304 100 Beasley,

186 4365 103 70 63,
354 4363 159 72 434;
579 4356 210 79 Cindy
853 4351 313 84 Franklin,
1233 4348 156 87 431,
1452 4347 156 88 395,
1671 4344 156 91 398;
1891 4339 336 96 Charlotte
2287 4338 309 97 Langley,
2665 4339 150 96 144,
2880 4339 154 96 535;

184 4464 225 60 Ozella
451 4458 252 70 Chafin,
757 4456 147 72 145;
948 4450 228 78 Velton
1221 4446 228 82 Chafin
1497 4444 127 84 192
1668 4441 54 87 in
1768 4455 283 73 memory
2095 4438 66 90 of
2203 4437 243 91 Nelson
2494 4437 223 91 Butler.
2766 4438 270 90 Preston

183 4563 222 61 Crider
450 4561 157 63 then
657 4555 105 69 led
852 4554 135 70 202
1036 4549 129 75 and
1212 4549 85 75 34
1344 4545 97 79 for
1483 4543 111 81 the
1641 4539 252 85 closing
1941 4552 192 72 song.
2181 4537 174 87 John
2404 4536 274 88 Howard
2725 4536 315 88 Woodley

181 4659 367 66 dismissed
601 4654 144 70 with
802 4666 250 64 prayer.

1576 4741 72 60 31
