3150 4950
165 162 102 64 Mrs
307 156 174 70 John
532 159 391 82 Alexander,
975 172 259 69 Jimmie
1287 178 247 73 Hullett,
1590 181 90 70 Mr
1726 183 127 69 and
1908 183 126 69 Mrs
2083 183 217 69 Oscar
2349 181 184 70 Lowe
2586 183 127 69 and
2767 183 214 75 Myrtle

165 259 270 69 Brothers
480 274 145 54 was
672 265 213 63 called
931 276 66 57 to
1045 274 190 63 order
1279 277 81 76 by
1405 279 187 76 Terry
1641 279 229 76 Hullett
1917 280 255 76 leading
2220 295 211 61 songs
2479 295 82 61 on
2611 295 216 63 pages
2874 282 105 76 31,

165 366 66 61 32
268 358 118 69 and
435 360 147 67 144.
627 361 138 66 The
810 372 288 78 morning
1143 390 228 61 prayer
1407 393 141 58 was
1593 378 97 73 led
1735 378 81 73 by
1861 378 174 73 Ervin
2082 378 318 73 Brothers.
2445 378 135 73 The
2620 378 181 73 class
2842 394 139 57 was

168 457 319 84 organized
544 459 81 82 by
678 463 286 82 electing
1066 472 109 73 the
1228 472 318 79 following
1600 475 285 76 officers:
1989 475 148 76 Co_
2184 475 370 76 Chairmen,
2608 475 189 76 Terry
2851 475 129 76 and

169 558 246 69 Richard
480 556 259 76 Hullett,
808 564 208 78 Doyle
1075 570 378 72 Alexander
1512 573 130 69 and
1708 573 201 75 Philip
1968 573 310 75 Gilmore;
2343 573 375 75 Secretary,
2785 573 207 75 Paula

169 661 246 63 Gilmore
460 657 127 67 and
633 660 207 64 Jewel
888 664 321 73 Wootten;
1255 669 348 76 Arranging
1651 670 406 75 Committee,
2106 669 177 76 Virgil
2332 669 253 76 Phillips
2632 669 127 76 and
2811 670 169 75 Leon

172 760 174 63 Price.
412 756 295 67 Leaders
771 760 243 63 called:
1077 765 210 58 Jewel
1351 766 327 69 Wootten,
1743 769 109 67 30,
1917 769 112 67 31;
2091 766 186 76 Virgil
2346 766 283 76 Phillips,
2694 769 111 73 47,
2869 769 111 73 89;

174 859 181 73 Henry
412 855 334 78 Johnson,
813 859 109 73 81,
996 862 150 70 101;
1206 862 234 70 Jethro
1503 862 255 72 Collett,
1831 865 147 69 138,
2044 865 156 69 389;
2265 864 211 76 Alpha
2539 864 219 76 Black,
2823 865 156 75 343,

172 960 127 69 345;
360 954 175 75 Ervin
601 954 331 75 Brothers,
1000 960 106 70 95,
1171 961 109 70 73;
1345 960 198 72 Leola
1602 961 391 72 Smith,217,
2056 964 157 69 318;
2277 961 67 72 S.
2413 961 79 72 M.
2556 961 421 72 Williamson,

174 1059 129 69 268,
382 1056 153 72 189;
615 1054 190 76 Ruby
886 1056 295 79 Phillips,
1263 1060 159 75 331,
1501 1062 162 73 345;
1744 1060 178 75 Nora
1998 1060 265 75 Collett,
2350 1063 151 72 187,
2583 1063 162 72 283;
2827 1060 156 75 Lula

177 1153 393 72 Underwood,
621 1156 153 70 300,
828 1156 154 70 358;
1039 1156 211 70 Milton
1300 1158 235 72 Oliver,
1588 1161 106 69 22,
1747 1161 151 69 405.

178 1254 261 64 RECESS.

315 1353 124 61 The
477 1353 178 61 class
693 1368 138 46 was
867 1353 207 61 called
1113 1360 64 54 to
1218 1356 184 60 order
1438 1356 79 76 by
1554 1356 184 76 Terry
1780 1356 223 76 Hullett
2043 1356 249 78 leading
2331 1372 169 61 song
2541 1372 82 61 on
2664 1371 172 63 page
2874 1357 103 76 28.

180 1452 279 64 Leaders:
519 1452 198 64 Willie
780 1452 151 64 Mae
994 1452 219 73 Moon,
1276 1456 153 70 498,
1495 1456 154 70 568;
1714 1455 273 72 Randall
2050 1455 228 72 Smith,
2347 1456 148 70 137,
2560 1456 154 70 454;
2782 1453 199 73 Marie

180 1552 250 70 Guthrie,
495 1554 148 70 113;
706 1552 151 72 Mae
916 1552 346 76 Seymour,
1324 1555 154 73 313,
1539 1557 154 72 224;
1750 1555 183 76 Jerry
1992 1555 375 78 Sheppard,
2427 1557 154 76 430,
2643 1557 154 76 455;
2854 1554 126 79 Jim

180 1654 247 69 Carnes,
490 1654 153 69 203,
709 1654 157 70 215;
933 1653 198 72 Essie
1194 1654 285 72 Calvert,
1549 1657 148 69 109,
1762 1657 157 69 378;
1983 1654 327 72 Thurman
2377 1654 159 72 Nail,
2601 1656 156 70 441,
2823 1656 157 70 490;

181 1752 213 60 Martha
435 1750 340 72 Woodard,
823 1753 154 69 340;
1027 1752 345 70 Lawrence
1419 1753 424 70 Underwood,
1893 1756 151 69 383,
2094 1756 148 69 434.

181 1849 261 61 RECESS.

301 1948 124 58 The
459 1948 246 76 singing
744 1948 300 76 resumed
1078 1948 138 76 with
1255 1950 265 75 Preston
1557 1950 214 75 Crider
1807 1950 246 76 leading
2089 1965 208 61 songs
2334 1965 82 61 on
2452 1965 211 61 pages
2698 1950 129 76 397
2862 1948 126 78 and

180 2047 123 58 522.
357 2044 304 61 Leaders:
720 2046 171 60 Leon
948 2046 202 72 Price,
1206 2049 154 70 298;
1417 2047 258 72 Brenda
1728 2047 250 72 Chafin,
2037 2049 103 70 67,
2197 2049 153 70 542;
2407 2046 303 73 Harrison
2766 2046 211 73 Creel,

180 2146 126 67 530;
363 2143 162 70 Aver
582 2143 243 72 Crider,
889 2146 153 69 384,
1105 2148 156 69 290;
1321 2146 234 70 Ozella
1617 2146 253 70 Chafin,
1933 2148 154 69 394;
2149 2145 279 72 Vernice
2490 2145 279 72 Calvert,
2832 2146 153 70 411,

180 2244 126 70 291;
357 2241 222 73 Velton
636 2242 253 73 Chafin,
949 2245 156 70 418;
1162 2244 322 72 Christine
1540 2244 285 76 Grandy,
1888 2247 145 73 127,
2097 2247 150 73 145;
2307 2244 226 76 Lamar
2587 2242 225 78 Smith,
2871 2244 106 76 36,

180 2343 124 69 343;
343 2341 241 70 Wanda
627 2343 247 78 Capps,
919 2344 103 76 39,
1074 2346 147 75 129;
1269 2344 183 76 Elder
1495 2344 138 76 Dee
1678 2344 268 76 Phillips,
1992 2346 148 75 388,
2191 2346 142 75 166.

183 2439 357 61 DISMISSED
564 2440 150 61 FOR
736 2442 264 60 LUNCH.

355 2538 129 61 The
534 2539 336 61 afternoon
919 2541 270 60 session
1237 2557 139 43 was
1426 2541 273 78 brought
1743 2547 64 72 to
1855 2541 187 78 order
2088 2541 78 78 by
2214 2539 186 79 Terry
2449 2539 228 79 Hullett
2725 2538 253 81 leading

180 2650 139 64 song
363 2653 79 61 on
489 2655 171 61 page
706 2641 84 75 28
835 2640 127 76 and
1011 2641 105 75 40.
1167 2640 304 76 Leaders:
1521 2640 279 76 Carmon
1849 2640 318 76 Brothers,
2215 2638 342 78 "Beautiful
2605 2638 202 78 Land"
2853 2637 126 79 and

181 2734 186 73 "Dont,
426 2737 235 70 Grieve
717 2739 175 69 Your
949 2739 303 72 Mother";
1315 2739 318 72 Freeman
1692 2739 324 72 Wootten,
2077 2740 154 70 282;
2289 2737 271 73 Thelma
2620 2736 366 78 Murphree,

184 2835 121 72 143,
367 2838 144 70 145;
571 2838 280 70 Charles
910 2838 213 72 Creel,
1185 2839 153 70 317,
1401 2839 108 70 98;
1572 2838 199 72 Marie
1831 2838 207 75 Hyatt,
2104 2838 148 75 171;
2316 2836 177 76 Buell
2553 2835 210 78 Cobb,
2826 2836 154 76 321;

181 2931 187 63 Eloise
423 2935 304 72 Watkins,
789 2938 153 70 460,
1003 2940 154 69 512;
1218 2937 223 72 Calvin
1503 2935 277 78 Phillips,
1845 2937 147 76 147,
2053 2937 151 76 406;
2269 2934 228 79 Melvin
2559 2934 207 79 Hyatt,
2830 2935 147 78 100,

178 3033 88 70 84;
319 3033 183 76 Lydia
559 3036 274 73 Baswell
894 3036 129 73 and
1081 3036 240 73 Ovada
1377 3036 174 73 Carr,
1609 3036 153 73 323,
1824 3036 106 73 97;
1987 3033 232 76 Orville
2278 3033 205 76 Hyatt,
2542 3034 154 75 204;
2754 3030 225 79 Austin

180 3129 249 81 Phillips,
498 3136 148 73 182,
717 3136 151 73 124;
936 3135 220 75 Kelvin
1222 3135 210 75 Hyatt,
1504 3135 147 75 186,
1716 3135 157 75 480;
1936 3132 196 78 Willie
2197 3130 153 79 Mae
2412 3130 220 79 Moon,
2697 3130 109 79 47,
2871 3130 109 79 45;

180 3226 178 81 Herby
406 3232 231 76 Bailey,
687 3235 153 73 369;
894 3232 196 76 Marie
1140 3231 283 78 Guthrie,
1476 3231 162 78 "The
1684 3231 198 78 Great
1932 3229 130 79 Roll
2113 3228 184 81 Call";
2352 3228 156 81 Fred
2560 3226 261 82 Battles,
2872 3228 106 81 39;

178 3325 156 64 Chris
379 3331 235 72 Green,
672 3334 147 69 196,
868 3334 156 69 209;
1072 3331 226 72 Velton
1351 3330 247 73 Chafin,
1651 3330 102 73 68.
1809 3327 330 76 Members
2185 3325 67 78 of
2296 3327 108 76 the
2452 3325 208 78 family
2710 3324 99 79 led
2865 3325 124 78 146

178 3423 76 63 for
289 3427 172 63 Dean
505 3430 363 60 Alexander
906 3430 147 60 who
1098 3429 51 61 is
1195 3429 52 61 in
1291 3429 108 61 the
1446 3426 288 76 hospital.
1785 3426 183 76 Elder
2011 3424 138 78 Dee
2194 3423 249 79 Phillips
2485 3421 354 81 dismissed
2883 3420 106 82 the

177 3522 156 64 class
382 3528 138 61 with
577 3544 252 63 prayer.

178 3621 78 61 CO
301 3691 46 9 _
396 3627 372 73 Chairmen,
826 3627 192 73 Terry
1077 3622 127 78 and
1266 3621 276 79 Richard
1603 3619 247 81 Hullett,
1914 3618 202 82 Doyal
2173 3616 370 84 Alexander
2598 3616 127 84 and
2787 3615 198 85 Philip

177 3718 264 79 Gilmore;
487 3726 405 76 Secretarys,
943 3721 204 81 Paula
1188 3720 277 82 Gilmore
1512 3717 124 85 and
1677 3717 202 85 Jewel
1924 3715 315 87 Wootten.

915 3826 204 81 OLD
1150 3820 366 87 SARDIS
1575 3819 426 88 CHURCH
2034 3817 147 90 NO
2212 3819 10 88 I

1221 3948 168 60 Near
1413 3946 180 75 Lynn,
1623 3945 303 76 Alabama

1290 4045 279 63 October
1596 4045 249 70 1,1989

331 4158 132 61 The
510 4156 238 63 annual
795 4150 249 69 Sacred
1093 4149 169 76 Harp
1305 4144 262 81 Singing
1609 4158 141 67 was
1831 4156 81 69 an
1957 4141 73 84 all
2076 4140 124 85 day
2247 4138 319 87 memorial
2649 4138 94 87 for
2779 4138 202 87 Annie

172 4249 214 85 Harper
429 4258 145 76 who
622 4254 217 82 pased
889 4264 184 72 away
1120 4246 124 90 this
1291 4257 306 79 summer.
1647 4240 133 96 The
1827 4237 249 99 singing
2122 4252 141 84 was
2308 4237 205 99 called
2562 4243 63 93 to
2673 4237 186 99 order
2904 4237 78 99 by

169 4350 103 67 Tim
312 4359 277 61 Gilmore
633 4356 208 76 leaing
885 4366 169 66 song
1098 4362 81 70 on
1222 4359 172 73 page
1435 4344 103 88 29.
1582 4339 133 93 The
1759 4338 279 94 morning
2082 4351 225 81 prayer
2341 4351 138 81 was
2523 4336 97 96 led
2662 4336 81 96 by
2784 4338 198 94 Steve

169 4449 172 70 Miles.
387 4459 129 61 Tim
562 4456 279 64 Gilmore
888 4449 100 72 led
1030 4461 169 61 song
1242 4458 84 64 on
1369 4455 172 67 page
1584 4437 147 85 30b.
1774 4435 133 87 The
1950 4435 178 87 class
2170 4434 343 88 organized
2556 4434 81 88 by
2680 4435 298 87 retaining

165 4551 88 64 the
346 4557 322 78 following
724 4551 289 84 officers:
1071 4545 351 90 Hononary
1474 4536 367 99 Chairman,
1897 4534 156 100 Tom
2109 4533 264 102 Harper;
2427 4533 367 102 Chairman,
2851 4534 127 100 Tim

165 4651 274 70 Gilmore-
486 4657 156 64 Vice
688 4650 367 72 Chairman,
1102 4642 171 79 John
1323 4638 201 84 Hyde;
1572 4636 358 85 Secretary,
1975 4632 186 90 Josie
2208 4632 198 90 Hyde.
2454 4633 342 88 Arranging

1516 4737 108 58 151
