3175 4966
199 186 192 63 Elliott
441 189 249 73 Ribner,
744 193 145 70 106;
940 192 273 72 Melanie
1263 192 205 72 Hauff,
1522 193 147 70 181;
1719 190 309 73 Kathleen
2080 186 247 78 Kuiper,
2380 183 151 81 542;
2580 178 129 85 Jan
2760 174 232 90 Katelle,

201 288 147 70 189;
408 288 270 78 Presley
735 291 225 75 Baker,
1027 294 147 72 103;
1234 292 171 73 Herb
1459 289 393 76 Schroeder,
1914 288 153 78 277,
2125 285 85 81 Jo
2269 282 136 84 Dell
2463 277 157 88 Albi,
2683 277 153 88 551;
2886 280 105 85 Joe

198 385 244 72 Casad,
501 390 151 69 288;
711 390 214 69 Debra
981 388 279 72 Barford,
1318 391 151 69 269;
1528 388 199 72 David
1786 384 282 76 Barford,
2128 382 154 78 273;
2338 376 135 84 Ted
2529 375 459 85 Johnson,171;

198 483 234 61 Marcia
471 484 319 73 Johnson,
843 489 145 69 163;
1036 487 159 70 Ruth
1240 486 220 72 White,
1513 487 145 70 146;
1708 484 180 76 Molly
1936 483 237 78 Evans,
2223 480 148 81 455.

196 580 294 63 RECESS.

364 678 133 63 The
537 681 175 60 class
751 697 138 43 was
928 682 202 60 called
1174 682 160 60 back
1377 682 52 60 in
1471 681 264 61 session
1777 679 78 75 by
1899 678 136 76 Don
2082 673 306 81 Bardsley
2431 672 253 82 leading
2725 688 154 66 song
2917 696 61 58 on

193 790 172 61 page
421 778 144 73 144.
618 778 135 73 The
801 778 183 73 class
1033 778 150 73 then
1233 784 171 67 went
1453 778 124 73 into
1630 777 315 75 business
1993 771 276 81 session
2322 771 130 81 and
2505 771 108 81 the
2707 771 276 88 following

193 873 271 61 officers
538 889 178 46 were
789 876 268 60 elected
1135 891 72 45 or
1278 874 391 76 appointed:
1747 873 382 78 Chairman,
2214 870 144 81 Don
2437 868 343 82 Bardsley;
2853 874 129 76 Vice

193 969 370 73 Chairman,
625 972 133 70 Ted
826 973 270 69 Mercer;
1159 972 370 75 Secretary,
1596 972 129 75 Lee
1788 970 388 76 Steinmetz;
2239 967 337 79 Assistant
2638 969 333 84 Secretary,

193 1066 201 58 Karen
441 1068 199 70 Isbell;
682 1066 327 78 Chaplain,
1050 1068 168 76 Joan
1260 1066 219 78 Smith;
1524 1066 318 78 Memorial
1884 1066 403 78 Committee,
2334 1065 126 79 Lee
2500 1065 339 79 Steinmetz
2877 1077 100 67 and

192 1162 237 60 Marcia
469 1164 322 60 Johnson.
846 1162 283 61 Leaders
1174 1162 228 61 called:
1455 1164 138 60 Don
1644 1164 328 73 Bardsley,
2029 1165 147 72 145;
2221 1162 123 75 Jim
2397 1162 198 78 Page,
2652 1167 139 73 131;
2833 1170 141 70 Joan

189 1260 310 76 Aldridge,
549 1263 148 73 222;
744 1261 196 75 Janet
987 1260 328 76 Fraembs,
1366 1263 103 73 65;
1521 1261 109 75 Hal
1681 1261 349 75 Malehorn,
2083 1263 150 73 569;
2280 1261 169 75 John
2500 1263 297 79 Ramsey,
2842 1270 124 73 329;

190 1356 141 60 Lisa
376 1356 217 72 Blood,
642 1359 151 69 268;
835 1357 169 76 Judy
1051 1359 204 75 Hauff,
1303 1360 106 73 87;
1461 1359 124 75 Lee
1633 1359 217 75 Beaty,
1900 1360 150 73 314;
2101 1359 102 75 Bill
2250 1359 309 75 Coalson,
2607 1365 145 70 358;
2799 1365 166 81 Kathy

190 1453 183 76 Krug,
430 1456 105 73 47;
592 1455 171 75 Gary
816 1455 286 75 Gronau,
1162 1458 148 72 196;
1368 1455 163 75 Mike
1588 1456 250 73 Hinton,
1896 1458 153 72 373;
2107 1456 135 73 Eric
2296 1458 309 73 Schmidt,
2661 1464 144 70 457;
2853 1465 111 69 Ted

189 1549 267 70 Mercer,
519 1555 150 66 500;
732 1551 127 70 Lee
919 1552 381 70 Steinmetz,
1362 1555 153 67 565;
1576 1552 210 70 Karen
1849 1554 208 72 Isbell,
2125 1557 148 70 183;
2331 1557 172 70 Joan
2563 1558 214 73 Smith,
2835 1566 126 70 384;

187 1647 180 76 Hugh
412 1648 306 75 McGraw,
760 1651 150 72 453;
955 1648 264 75 Richard
1264 1650 289 78 DeLong,
1596 1654 150 73 296;
1791 1653 136 75 Don
1972 1654 322 76 Bardsley,
2337 1657 105 73 38;
2485 1657 298 78 Chaplain
2818 1662 141 73 Joan

186 1743 196 60 Smith
430 1744 99 58 led
577 1744 52 60 in
678 1759 241 63 prayer.

187 1839 388 61 DISMISSED
601 1842 150 60 FOR
774 1842 259 61 LUNCH.

351 1936 130 61 The
519 1938 178 60 class
739 1942 405 58 reconvened
1183 1942 138 60 with
1363 1944 136 60 Don
1543 1944 303 76 Bardsley
1887 1947 249 78 leading
2175 1965 165 63 song
2383 1966 79 61 on
2503 1968 168 61 page
2707 1956 118 73 299
2860 1959 99 70 and

184 2032 96 60 his
331 2049 139 45 own
522 2035 897 78 composition,"Convention
1468 2041 99 72 V",
1618 2043 238 70 written
1911 2044 55 69 in
2020 2046 204 67 honor
2271 2049 66 64 of
2382 2049 109 64 the
2539 2050 127 63 fifth
2718 2053 240 79 meeting

181 2130 64 60 of
297 2131 108 60 the
466 2131 225 61 Illinois
747 2134 186 60 State
990 2136 429 63 Convention.
1479 2139 133 61 The
1671 2142 258 78 singers
1983 2145 144 75 who
2187 2146 124 73 had
2370 2149 306 70 attended
2733 2151 69 69 all
2850 2152 102 67 five

180 2227 444 61 Conventions
669 2245 169 45 were
888 2235 408 76 recognized,
1345 2238 129 73 and
1525 2238 235 73 Marcia
1803 2241 300 70 Johnson
2149 2257 169 64 gave
2367 2260 40 61 a
2452 2245 154 76 brief
2650 2248 213 76 history
2901 2251 52 73 of

177 2325 106 58 the
322 2326 235 75 growth
600 2328 66 73 of
700 2328 108 73 the
849 2329 418 72 Convention.
1314 2334 300 67 Leaders:
1659 2337 138 64 Don
1840 2338 321 76 Bardsley,
2209 2344 144 70 127;
2398 2344 243 70 Connie
2682 2346 264 70 Karduck,

183 2424 147 67 142;
397 2422 201 69 Elliott
661 2424 258 73 Ribner,
982 2428 109 70 48;
1156 2430 280 69 Melanie
1501 2433 210 72 Hauff,
1777 2437 153 70 377;
1996 2437 316 70 Kathleen
2379 2440 247 78 Kuiper,
2689 2445 99 73 33;
2842 2445 103 73 Jan

178 2518 267 72 Katelle,
504 2521 154 72 22b;
715 2523 157 70 from
933 2524 294 69 Midwest
1282 2529 453 78 Supplement;
1795 2533 268 78 Presley
2121 2536 226 75 Baker,
2406 2541 39 70 4
2503 2539 255 76 (MWS);
2814 2541 139 75 Herb

175 2616 354 73 Shroeder,
591 2619 154 73 49b;
799 2622 84 70 Jo
945 2623 132 69 Dell
1135 2626 153 72 Albi,
1351 2631 106 69 99;
1513 2629 129 70 Joe
1699 2631 250 73 Casad,
2010 2637 154 69 454;
2226 2637 214 69 Debra
2499 2638 271 72 Barford,
2829 2641 120 69 112;

177 2715 195 60 David
424 2716 277 73 Barford,
757 2722 144 69 147;
948 2721 133 70 Ted
1126 2724 319 73 Johnson,
1495 2730 150 69 383;
1696 2730 234 69 Marcia
1974 2733 319 72 Johnson,
2344 2737 81 67 20
2475 2737 232 75 (MWS)
2755 2754 10 58 ;
2811 2737 130 75 Ruth

172 2812 220 73 White,
438 2817 150 69 361;
628 2817 123 69 Jim
798 2818 195 78 Page,
1042 2823 39 73 7
1125 2823 259 76 (MWS);
1468 2826 178 76 Molly
1692 2827 232 75 Evans,
1969 2832 147 70 396.

174 2910 297 61 RECESS.

361 3009 135 61 Don
546 3012 306 78 Bardsley
895 3015 268 79 brought
1204 3019 105 75 the
1351 3021 178 73 class
1572 3024 294 76 together
1908 3025 250 79 leading
2202 3043 165 63 song
2412 3043 81 63 on
2538 3046 165 61 page
2743 3031 129 76 291.
2910 3028 37 79 A

172 3108 325 61 memorial
547 3109 226 63 lesson
820 3129 139 45 was
1009 3114 144 61 held
1203 3117 93 61 for
1344 3118 175 61 Irene
1567 3118 289 75 Nieman,
1908 3123 165 70 Vera
2121 3126 267 67 Denson
2439 3126 199 73 Nunn,
2686 3127 154 72 Otha
2881 3126 54 73 D.

168 3205 214 73 Arron,
439 3208 181 76 Ruby
672 3208 276 76 Conwill,
1000 3214 202 70 Annie
1255 3214 244 81 Harper
1548 3220 126 75 and
1728 3220 153 75 Fritz
1932 3222 331 79 Landgraf,
2314 3226 144 75 who
2511 3226 162 75 have
2721 3223 216 82 passed

169 3321 204 60 away,
433 3307 124 73 and
615 3309 94 72 for
765 3310 154 70 Edie
978 3312 171 69 Klein
1206 3316 127 64 and
1392 3316 171 64 Elias
1617 3319 223 76 Segal,
1896 3322 144 73 who
2097 3339 109 57 are
2265 3324 72 72 III.
2398 3325 234 70 Marcia
2680 3325 261 70 Johnson

169 3405 331 60 remarked
549 3423 81 43 on
676 3408 108 61 the
828 3409 276 76 spiritual
1150 3414 168 75 uplift
1359 3415 259 73 derived
1662 3417 156 72 from
1863 3418 250 79 singing
2161 3421 55 76 in
2263 3423 201 75 honor
2506 3424 64 73 of
2610 3423 181 75 those
2827 3420 115 78 who

168 3501 168 60 have
384 3501 105 63 left
535 3519 97 45 us.
685 3505 126 60 Lee
858 3507 354 63 Steinmetz
1261 3510 99 60 led
1405 3528 166 63 song
1621 3529 81 61 on
1750 3531 171 61 page
1966 3519 130 73 452
2145 3519 55 73 in
2250 3519 202 73 honor
2494 3520 64 72 of
2599 3520 103 72 the
2748 3519 43 73 ill
2833 3516 100 76 and

165 3600 193 60 those
412 3601 144 61 who
613 3603 168 61 have
835 3607 253 75 passed
1147 3624 103 58 on.
1354 3609 312 78 Chaplain
1719 3612 171 75 Joan
1947 3615 202 72 Smith
2202 3618 231 69 closed
2488 3619 106 67 the
2649 3613 285 73 memorial

163 3699 255 60 service
469 3700 141 60 with
667 3717 246 64 prayer.
972 3703 285 78 Leaders
1308 3708 231 73 called:
1590 3708 172 73 Joan
1815 3709 316 79 Aldridge,
2187 3717 151 72 200,
2391 3717 198 72 Janet
2640 3714 292 75 Fraembs,

163 3798 148 70 68b;
364 3796 112 72 Hal
529 3799 346 73 Malehorn,
927 3804 150 70 209;
1122 3804 169 70 John
1341 3805 304 75 Ramsey,
1693 3808 151 72 224;
1894 3808 144 72 Lisa
2086 3811 219 73 Blood,
2356 3817 150 70 207;
2551 3816 162 75 Judy
2758 3810 172 81 Hauff,

160 3897 151 69 484;
366 3897 127 69 Lee
544 3898 220 75 Beaty,
825 3901 144 72 135;
1024 3901 99 72 Bill
1176 3903 307 70 Coalson,
1540 3906 145 67 143;
1738 3904 198 75 Kathy
1990 3907 183 78 Krug,
2229 3913 150 72 56b;
2434 3913 180 78 Hugh
2667 3913 270 78 McGraw,

159 3994 147 58 369.
384 3993 133 61 The
555 3996 379 61 convention
975 4014 136 43 was
1149 3999 223 61 closed
1410 3999 136 61 with
1587 4015 223 61 prayer
1845 4000 81 76 by
1965 4003 307 78 Chaplain
2311 4011 169 70 Joan
2524 4012 208 69 Smith.

159 4090 375 72 Chairman,
604 4093 141 69 Don
811 4095 339 75 Bardsley;
1213 4096 154 73 Vice
1431 4096 370 73 Chairman,
1869 4099 133 70 Ted
2070 4102 276 76 Mercer;
2410 4110 364 78 Secretary,
2836 4107 100 81 Lee

159 4186 375 75 Steinmetz;
579 4191 324 70 Assistant
949 4192 357 76 Secretary,
1357 4194 202 75 Karen
1612 4194 177 75 Isbell
1842 4213 10 55 ;
1902 4197 331 79 Chaplain,
2280 4206 172 70 Joan
2502 4209 216 67 Smith.

187 4291 613 94 ALEXANDER,
837 4294 444 94 HULLETT,
1317 4294 276 94 LOWE
1621 4297 204 91 AND
1858 4297 538 91 BROTHERS
2428 4308 486 85 MEMORIAL

984 4420 309 76 Hopewell
1321 4420 288 76 Primitive
1636 4420 229 79 Baptist
1891 4425 244 75 Church

1281 4518 273 61 October
1582 4521 247 69 1,1989

316 4614 133 61 The
487 4621 253 72 twenty-
777 4615 150 78 third
966 4615 261 78 session
1267 4617 64 76 of
1365 4617 105 76 the
1509 4618 231 75 annual
1780 4623 318 70 memorial
2137 4627 247 81 singing
2425 4633 94 75 for
2557 4638 90 70 Mr
2685 4638 118 70 and

1500 4717 118 60 150
