3150 4950
136 163 304 64 Leaders:
492 162 262 66 Sandra
804 163 192 76 Light,
1051 165 147 75 143,
1249 165 153 75 354;
1456 162 156 78 Fred
1666 160 262 79 Battles,
1980 162 108 78 39;
2140 157 172 82 Buell
2362 156 207 84 Cobb,
2622 157 151 82 205,
2824 154 153 85 321;

138 264 190 64 Essie
379 261 279 73 Calvert,
712 264 157 70 482,
924 264 156 70 317;
1135 262 213 72 Milton
1399 261 235 73 Oliver,
1695 262 145 72 100,
1899 261 106 73 99;
2061 258 181 76 Irene
2289 255 271 79 Jordan,
2614 255 153 79 358,
2823 252 156 82 268;

136 366 126 61 Tim
310 361 354 78 Reynolds,
714 363 150 76 47b,
919 364 147 75 198.

142 463 391 64 DISMISSED
556 462 154 66 FOR
732 462 267 66 LUNCH.

312 562 135 61 The
489 561 336 63 afternoon
867 559 270 64 session
1176 574 141 49 was
1356 556 205 67 called
1602 562 64 61 to
1708 555 184 69 order
1930 555 79 75 by
2053 553 151 76 Matt
2239 550 244 79 Jordan
2527 549 250 81 leading
2821 562 166 67 song

147 681 78 45 on
274 678 172 63 page
492 663 153 78 445.
699 658 310 82 Leaders:
1062 658 193 82 Linda
1300 657 307 84 Thomas,
1663 657 147 84 123,
1858 655 109 85 43;
2014 652 175 88 Alice
2235 649 388 91 Washburn,
2671 646 151 94 37b,
2874 648 108 93 52;

145 763 166 63 Jack
375 762 277 69 Jordan,
730 760 151 70 196,
954 759 159 72 204;
1186 756 205 75 David
1468 756 165 75 Ivey,
1711 756 150 75 102,
1935 754 111 76 56;
2118 750 186 81 Edith
2373 748 184 82 Tate,
2637 748 151 82 161;
2856 745 126 85 Jim

150 865 279 67 Carnes,
501 861 159 72 270,
732 861 114 72 32;
919 856 180 76 Mary
1168 853 375 79 Campbell,
1612 855 160 78 288;
1846 850 274 82 Pauline
2191 847 331 85 Childers,
2595 847 156 85 212,
2824 846 159 87 512;

153 964 273 60 Carmon
477 958 324 70 Brothers,
852 960 151 69 490,
1054 958 153 70 499;
1257 955 204 73 Annie
1512 952 348 78 Scoggins,
1917 951 192 79 145b;
2158 948 201 82 Wilda
2409 946 286 84 Holmes,
2749 945 237 85 "Jesus

156 1062 154 63 Died
372 1060 118 64 For
546 1059 159 70 Me,"
763 1059 154 70 295;
981 1056 276 73 Preston
1318 1053 241 76 Crider,
1618 1054 154 75 522,
1833 1054 154 75 505;
2046 1048 183 81 Arvid
2289 1047 294 82 Holmes,
2641 1044 127 85 44I,
2836 1044 148 85 147;

157 1162 162 75 Lucy
387 1158 307 79 Heidorn,
762 1158 109 79 40,
939 1156 157 81 299;
1161 1153 60 84 J.
1293 1153 66 84 P.
1431 1152 220 85 Hawk,
1717 1152 157 85 480;
1945 1147 199 90 Marie
2211 1144 327 93 Aldridge,
2605 1144 154 93 217,
2830 1143 156 94 436;

156 1258 261 64 Tressie
475 1257 267 72 Adkins,
810 1257 148 72 187,
1023 1257 108 72 78;
1191 1252 180 76 Cecil
1432 1251 313 78 Gilliland,
1807 1251 153 78 282,
2022 1249 156 79 345;
2239 1245 252 84 LeAnn,
2556 1242 249 87 Rachel
2866 1240 129 88 and

162 1362 174 60 Irene
387 1359 271 70 Jordan,
717 1357 156 72 405;
931 1354 202 75 David
1197 1353 160 76 Ivey,
1417 1354 132 75 240
1606 1350 55 79 in
1722 1363 286 66 memory
2065 1347 66 82 of
2181 1347 79 82 O.
2323 1345 64 84 B.
2451 1342 232 87 Norris,
2743 1342 132 87 323
2932 1339 55 90 in

163 1474 276 60 memory
517 1456 66 78 of
624 1456 252 78 Sharon
918 1453 244 81 Jordan
1209 1452 232 82 Leach;
1489 1450 192 84 Marie
1725 1449 312 85 Aldridge,
2082 1446 151 88 "Not
2278 1444 192 90 Made
2511 1441 156 93 With
2713 1440 276 94 Hands";

163 1558 165 61 Buell
369 1557 205 70 Cobb,
616 1557 103 70 69;
763 1554 153 73 Matt
949 1552 241 75 Jordan
1234 1551 97 76 led
1372 1566 210 61 songs
1621 1564 81 63 on
1744 1563 213 64 pages
1995 1548 127 79 236
2163 1545 126 82 and
2328 1545 105 82 49.
2473 1542 133 85 The
2646 1540 178 87 class
2859 1554 141 73 was

162 1656 348 63 dismissed
556 1654 139 64 with
745 1668 229 64 prayer
1018 1651 81 81 by
1149 1650 198 82 David
1399 1650 159 82 Ivey.

165 1756 366 69 Chairman,
589 1753 157 72 Matt
795 1752 276 73 Jordan;
1125 1750 156 75 Vice
1336 1749 372 76 Chairman,
1770 1744 274 81 Hershel
2103 1743 180 82 King;
2340 1741 370 84 Secretary,
2769 1737 235 88 Rhoda

168 1857 249 61 Norris.

604 1957 265 81 SEED
894 1956 208 82 AND
1134 1954 255 84 FEED
1416 1950 405 88 SACRED
1851 1948 267 90 HARP
2146 1942 405 96 SINGING

1306 2079 258 69 Atlanta,
1593 2076 273 76 Georgia

1161 2176 307 75 Saturday
1498 2226 10 25 ,
1534 2175 154 76 April
1717 2176 96 75 15,
1848 2173 165 78 1989

409 2284 133 58 The
594 2281 147 61 13th
792 2278 237 64 annual
1080 2277 180 66 Seed
1309 2275 126 67 and
1486 2272 174 70 Feed
1710 2271 247 72 Sacred
2008 2269 169 76 Harp
2224 2266 261 79 Singing
2530 2280 141 66 was
2721 2262 142 84 held
2914 2277 81 69 on

172 2383 331 75 Saturday,
553 2380 163 78 April
771 2382 100 76 15.
925 2383 64 75 at
1036 2377 108 81 the
1192 2376 201 82 Grant
1443 2371 577 87 Park-Aldersgate
2070 2367 228 91 United
2347 2364 348 94 Methodist
2742 2361 255 97 Church

174 2484 52 60 in
265 2482 264 61 Atlanta.
573 2481 132 63 The
745 2479 181 64 class
966 2493 139 51 was
1143 2473 207 70 called
1390 2479 63 64 to
1495 2470 183 73 order
1713 2469 139 75 with
1896 2469 210 75 Caran
2149 2466 226 78 Bryant
2416 2463 247 81 leading
2707 2476 166 67 song
2917 2475 81 69 on

174 2598 165 61 page
373 2583 100 76 40.
511 2580 133 79 The
682 2577 277 82 morning
999 2589 222 70 prayer
1249 2587 139 72 was
1425 2569 96 90 led
1558 2569 78 90 by
1672 2568 64 91 E.
1774 2568 72 91 C.
1885 2566 253 93 Bowen.
2176 2563 136 96 Bob
2347 2562 145 97 Hart
2521 2562 151 97 then
2709 2559 100 100 led
2842 2574 165 85 song

175 2697 76 43 on
306 2695 172 61 page
529 2680 150 76 479,
735 2673 297 84 followed
1087 2673 78 84 by
1219 2671 205 85 Laura
1471 2668 340 88 Akerman,
1872 2667 144 90 163,
2070 2665 108 91 85;
2232 2661 169 96 Kelly
2455 2659 240 97 Morris,
2748 2656 151 100 47b.
2953 2656 51 100 A

175 2779 312 60 business
541 2775 274 64 session
870 2788 142 51 was
1069 2770 145 69 held
1273 2769 55 70 in
1383 2767 204 72 which
1642 2767 109 72 the
1806 2763 313 76 following
2178 2760 261 79 officers
2490 2773 174 66 were
2718 2754 283 85 elected:

175 2877 378 70 Chairman,
633 2874 142 73 Bob
849 2872 177 75 Hart;
1101 2869 160 78 Vice
1335 2866 382 81 Chairman,
1792 2862 171 85 Jack
2035 2859 232 88 Smith;
2343 2857 381 90 Secretary,
2803 2854 210 93 Laura

175 2977 336 69 Akerman;
562 2973 352 76 Arranging
969 2968 411 81 Committee,
1437 2964 169 85 Kelly
1659 2961 240 88 Morris.
1956 2961 135 88 Bob
2142 2958 148 91 Hart
2340 2956 151 93 then
2545 2955 99 94 led
2697 2968 169 81 song
2919 2967 82 82 on

175 3091 172 61 page
403 3076 150 76 532.
618 3072 315 81 Leaders:
988 3067 168 85 Jack
1213 3064 226 88 Smith,
1503 3064 145 88 145,
1708 3061 151 91 276;
1917 3057 261 96 William
2238 3052 339 100 Headrick,
2685 3052 105 100 71,
2848 3052 154 100 360;

177 3174 186 60 Gene
412 3172 247 70 Clifton,
712 3172 106 70 59,
876 3169 148 73 114;
1075 3165 280 78 Carlene
1405 3160 232 82 Griffin,
1690 3160 105 82 97;
1846 3156 183 87 Chris
2080 3154 223 88 Pyron,
2355 3153 150 90 299,
2557 3151 151 91 300;
2761 3147 246 96 Martha

175 3273 132 60 Ann
358 3273 255 76 Stegar,
669 3273 145 76 155.

180 3372 292 61 RECESS.

331 3472 135 60 The
501 3471 180 61 class
718 3465 304 67 resumed
1059 3462 249 78 singing
1342 3459 139 81 with
1521 3454 319 85 Elizabeth
1879 3450 226 90 Carroll
2146 3448 250 91 leading
2431 3462 210 78 songs
2679 3462 81 78 on
2797 3460 210 79 pages

183 3573 120 58 107
358 3570 129 61 and
549 3571 145 60 198.
756 3565 313 66 Leaders:
1129 3561 210 73 Henry
1395 3555 213 79 Slack,
1666 3556 151 78 535,
1878 3553 148 81 181;
2083 3546 318 88 Gertrude
2458 3546 337 88 Bateman,
2853 3544 153 90 454,

184 3672 142 69 192;
378 3667 223 73 Laurie
646 3666 262 75 Allison,
960 3663 111 78 31;
1122 3660 66 81 E.
1243 3658 72 82 C.
1368 3657 259 84 Bowen,
1681 3654 150 87 560,
1881 3651 156 90 517;
2089 3646 196 94 Dollie
2338 3643 310 97 Hudgins,
2701 3643 103 97 61,
2862 3643 148 97 108;

181 3769 255 60 Horace
504 3766 304 76 DeLong,
874 3763 156 79 441,
1098 3760 157 82 384;
1321 3756 175 87 Mary
1558 3751 204 91 Trice,
1828 3750 153 93 383,
2050 3748 153 94 480;
2272 3744 214 99 Henry
2548 3742 285 100 Zittrour,
2899 3742 106 100 49,

177 3871 150 69 565;
384 3868 105 72 Bill
544 3867 205 73 Scott,
807 3864 153 76 318,
1023 3861 148 79 143.

181 3967 390 61 DISMISSED
595 3964 153 64 FOR
771 3958 265 70 LUNCH.

330 4066 135 60 The
501 4065 334 61 afternoon
873 4057 270 69 session
1180 4050 304 76 resumed
1519 4048 139 78 with
1696 4045 136 81 Bob
1867 4044 148 82 Hart
2050 4041 250 85 leading
2337 4054 168 72 song
2542 4053 81 73 on
2659 4053 177 73 page
2875 4038 139 88 186.

180 4164 300 61 Leaders:
568 4162 310 63 Dowman
922 4155 261 70 Wilson,
1236 4152 145 73 148;
1426 4147 184 78 Anne
1654 4143 126 82 and
1828 4143 205 82 Karen
2082 4137 237 88 Morris,
2370 4138 144 87 159,
2559 4137 153 88 236;
2758 4134 252 91 Carlton

177 4263 361 70 Hitchcock,
591 4263 106 70 63,
745 4260 154 73 460;
943 4254 177 79 John
1167 4251 292 82 Yntema,
1509 4246 150 87 455,
1707 4243 156 90 268;
1909 4239 67 94 B.
2028 4239 78 94 M.
2155 4236 222 97 Smith,
2433 4236 142 97 112,
2623 4234 156 99 204;
2827 4233 184 100 Doug

175 4363 258 72 Allison,
496 4363 154 72 332,
711 4360 159 75 335;
931 4354 142 81 Don
1135 4350 262 85 Bowen,
1461 4345 151 90 546,
1674 4342 154 93 391;
1888 4336 328 99 Charlene
2272 4333 310 102 Wallace,
2644 4333 151 102 388,
2857 4333 154 102 334;

177 4464 186 60 Mack
420 4459 270 70 Fannin,
753 4456 150 73 126,
961 4453 157 76 273;
1173 4449 60 81 J.
1293 4449 72 81 C.
1426 4444 297 85 Denney,
1780 4440 154 90 285,
1992 4437 156 93 313;
2205 4432 279 97 Richard
2538 4431 262 99 Carroll,
2857 4432 154 97 358,

174 4566 148 69 254;
381 4563 139 72 Don
577 4557 268 78 Saliers,
903 4552 153 82 439,
1110 4549 156 85 297;
1321 4545 172 90 Cora
1543 4540 240 94 Sweat,
1839 4537 106 97 30,
2005 4533 193 102 145b;
2253 4531 190 103 Gene
2499 4530 307 105 Bessent,
2862 4530 150 105 38b,

174 4665 144 70 224;
360 4657 270 78 Richard
669 4654 294 81 DeLong,
1000 4647 195 88 385b,
1233 4645 148 90 211.
1425 4639 135 96 Bob
1596 4638 147 97 Hart
1774 4635 148 100 then
1963 4633 99 102 led
2127 4647 168 88 song
2332 4645 82 90 on
2451 4644 171 91 page
2658 4630 87 105 62

1561 4740 84 58 45
