3150 4950
139 252 283 81 Hughes,
472 253 153 79 216,
675 255 157 78 217;
879 255 189 78 Vena
1114 256 195 78 Holly,
1359 259 150 75 482,
1557 259 108 75 27;
1713 256 220 78 Arthur
1978 253 127 81 Lee
2154 253 285 81 Beckett,
2487 253 153 81 305,
2691 252 103 82 65.

142 352 289 66 RECESS.

349 453 177 61 Cecil
579 453 315 63 Edwards
943 456 210 61 called
1203 456 111 61 the
1362 456 183 61 class
1591 456 301 76 together
1939 453 258 79 leading
2247 468 171 64 song
2470 466 81 66 on
2605 463 175 69 page
2833 448 147 84 167.

147 555 303 64 Leaders:
508 553 249 78 Margie
813 555 228 76 Smith,
1104 558 148 73 109;
1308 555 135 76 Ora
1498 555 243 76 Martin,
1798 556 153 75 215,
2008 555 156 76 349;
2217 550 136 81 Jeff
2404 547 373 84 Sheppard,
2835 549 153 82 208,

147 658 100 69 81;
298 654 33 73 I.
382 652 69 75 V.
504 651 417 76 McWhorter,
973 655 103 72 74,
1126 655 157 72 371;
1333 654 181 75 Larry
1564 652 238 76 Basch,
1858 654 150 75 143;
2052 651 178 78 Alice
2278 649 330 79 Edwards,
2664 648 148 81 104,
2863 646 130 82 566

148 757 90 60 for
286 753 211 75 Henry
553 751 171 76 Kerr;
784 753 255 75 Harvey
1092 753 247 75 Austin,
1393 754 108 73 40,
1557 754 154 73 373;
1768 750 216 78 Sylvia
2040 748 292 79 Holland,
2388 747 201 81 348b,
2643 747 109 81 45;
2806 744 57 84 J.
2923 744 58 84 L.

154 853 195 76 Edge,
418 853 150 76 109,
634 852 154 78 434.
856 850 138 79 The
1059 850 334 79 memorial
1459 850 235 79 lesson
1755 864 145 66 was
1965 847 147 82 held
2178 852 66 78 at
2304 846 126 84 this
2491 843 175 87 time.
2733 843 93 87 As
2884 856 102 73 we

154 949 315 64 observed
510 949 124 64 this
679 949 327 64 memorial
1051 949 244 76 portion
1338 948 70 78 of
1444 948 108 78 the
1594 948 273 78 singing,
1912 961 100 64 we
2053 945 171 81 think
2265 943 69 82 of
2371 943 109 82 the
2523 940 273 85 families
2838 940 157 85 from

156 1051 112 61 this
309 1048 384 76 community
733 1047 145 78 who
924 1047 168 78 have
1138 1047 250 78 passed
1435 1047 126 78 and
1606 1047 67 78 of
1710 1047 109 78 the
1863 1044 237 81 people
2140 1044 145 81 who
2364 1057 172 67 were
2578 1039 205 85 sitting
2833 1039 153 85 here

156 1150 129 63 with
328 1165 78 48 us
448 1149 123 64 last
610 1164 174 61 year,
829 1147 169 78 think
1041 1147 64 78 of
1143 1147 109 78 the
1294 1147 238 78 people
1573 1161 156 64 over
1765 1146 109 79 the
1915 1159 195 66 years
2148 1143 147 82 who
2332 1156 172 69 were
2548 1140 241 85 always
2835 1138 153 87 here

160 1249 115 61 and
315 1249 165 61 have
519 1246 252 79 passed
813 1263 102 63 on.
960 1246 174 79 Each
1174 1246 66 79 of
1278 1261 78 64 us
1390 1245 109 81 will
1540 1261 163 64 pass
1740 1243 123 82 this
1897 1258 139 67 way
2074 1249 127 76 too,
2244 1242 145 84 May
2428 1240 94 85 He
2560 1239 267 87 comfort
2863 1252 123 73 you

163 1348 114 63 and
319 1347 72 64 fill
432 1362 154 61 your
627 1345 220 78 hearts
886 1345 139 78 with
1071 1362 213 61 peace
1327 1360 79 63 as
1444 1360 100 63 we
1587 1359 213 64 pause
1842 1348 63 75 to
1945 1342 168 81 think
2154 1341 66 82 of
2256 1341 108 82 the
2409 1338 183 85 loved
2638 1353 168 70 ones
2844 1335 145 88 who

165 1450 159 60 have
376 1447 279 78 passed.
715 1446 255 79 Harvey
1024 1444 225 81 Austin
1308 1444 102 81 led
1465 1459 172 66 song
1693 1458 82 67 on
1833 1458 177 67 page
2064 1443 132 82 410
2251 1438 57 87 in
2365 1452 288 73 memory
2709 1435 66 90 of
2827 1435 169 90 Gray

163 1546 232 78 Taylor,
454 1545 205 79 Ralph
712 1545 232 79 Wood,
1003 1543 135 81 Ben
1194 1543 226 81 Avery,
1480 1543 147 81 Mrs.
1687 1542 66 82 E.
1812 1542 70 82 C.
1944 1540 261 84 Bowen,
2265 1537 237 87 Bertha
2554 1536 252 88 Kilgore
2860 1533 127 91 and

168 1647 186 61 Stella
397 1645 405 63 McWhorter.
850 1644 141 64 Carl
1039 1644 270 76 Hughes
1356 1644 99 76 led
1500 1659 168 61 song
1713 1657 84 63 on
1840 1657 172 63 page
2056 1641 130 79 490
2229 1638 94 82 for
2365 1638 118 82 Era
2527 1635 256 85 Norton,
2829 1633 162 87 Ocie

169 1746 318 70 Edwards,
543 1744 186 72 Alton
781 1744 288 72 Warren,
1128 1743 229 73 Lester
1407 1743 247 73 Brown,
1713 1741 148 75 Mrs.
1918 1740 219 76 Oscar
2190 1738 157 78 Ray,
2406 1735 241 81 Bertha
2700 1732 289 84 Broyles.

171 1846 220 61 Hester
432 1843 310 64 Edwarda
781 1845 127 63 and
954 1843 163 64 Ruth
1161 1843 220 64 Brown
1425 1842 100 66 led
1567 1840 177 67 323b
1782 1840 93 67 for
1917 1839 145 69 Mrs.
2107 1837 127 70 Lee
2272 1836 235 72 Jones;
2551 1834 202 73 Diane
2799 1831 190 76 Land,

172 1944 216 61 Brandi
450 1942 172 63 Land
684 1942 129 63 and
870 1942 271 75 Tammy
1198 1941 177 76 Wise
1434 1939 309 78 sang"He
1801 1938 52 79 is
1912 1936 285 81 Worthy"
2259 1935 55 82 in
2377 1948 288 69 memory
2722 1932 66 85 of
2842 1930 162 87 their

169 2043 460 78 grandmother,
679 2041 129 79 Mrs
855 2041 238 79 Bessie
1140 2040 228 81 Bulter.
1416 2040 184 81 Rosa
1644 2037 271 84 Hughes
1962 2035 102 85 led
2106 2037 130 84 383
2283 2034 94 87 for
2416 2032 76 88 all
2539 2032 109 88 the
2691 2029 138 91 sick
2872 2029 129 91 and

172 2142 285 61 shut-ins.
505 2140 135 63 The
690 2140 325 63 memorial
1062 2139 229 64 closed
1338 2137 141 66 with
1527 2152 228 63 prayer
1797 2136 79 79 by
1926 2134 142 81 Billy
2112 2133 127 82 Joe
2286 2131 229 84 Harris.

177 2241 378 60 DISMISSED
579 2239 153 61 FOR
753 2239 265 61 LUNCH.

361 2338 130 60 The
532 2338 334 60 afternoon
906 2337 268 61 session
1212 2350 139 48 was
1392 2334 259 76 opened
1687 2332 138 78 with
1864 2331 175 79 Cecil
2080 2328 303 82 Edwards
2422 2326 249 84 leading
2712 2340 168 70 song
2922 2338 79 72 on

177 2452 160 61 page
384 2439 102 75 87.
538 2436 309 78 Leaders:
898 2434 189 79 Lydia
1138 2431 319 82 Braswell,
1506 2433 151 81 418,
1707 2431 151 82 212;
1909 2428 159 85 Hoyt
2118 2427 300 87 Renfroe,
2467 2425 150 88 299,
2668 2424 105 90 97;
2824 2421 171 93 Mary

180 2535 115 60 Lee
343 2535 217 70 Smith,
612 2536 151 69 313,
814 2535 154 70 340;
1021 2532 187 73 Ester
1252 2530 175 75 Wall,
1485 2532 142 73 182,
1678 2530 109 75 88;
1837 2526 219 79 Austin
2109 2524 271 81 Phillips,
2437 2524 145 81 196,
2638 2523 147 82 111;
2835 2520 163 85 Zera

177 2632 309 72 Tolleson,
543 2634 145 70 172,
739 2634 154 70 283;
940 2631 135 73 Jeff
1123 2629 366 76 Sheppard,
1548 2628 142 78 147,
1743 2628 153 78 325;
1948 2622 226 84 Mozell
2226 2620 364 85 Sheppard,
2641 2619 151 87 336,
2844 2617 153 88 408;

181 2731 195 75 Henry
423 2731 327 75 Johnson,
805 2731 105 75 59,
972 2731 147 75 100;
1173 2727 175 79 Cecil
1405 2725 307 81 Edwards
1764 2722 129 84 and
1941 2722 174 84 Jane
2169 2718 334 88 Methford,
2557 2718 151 88 294;
2766 2713 232 93 Louise

180 2829 247 72 Owens,
472 2832 103 69 75,
621 2830 153 70 333;
816 2827 183 73 Odell
1042 2824 376 76 Cleveland,
1461 2826 151 75 336,
1662 2824 145 76 126;
1852 2821 180 79 Rosa
2076 2818 286 82 Hughes,
2407 2818 147 82 440.

183 2928 280 60 RECESS.

331 3027 129 60 The
498 3027 178 60 class
718 3024 303 63 resumed
1059 3022 250 78 singing
1347 3021 139 79 with
1527 3019 196 81 Lewis
1762 3018 229 82 Norton
2035 3015 247 85 leading
2323 3028 165 72 song
2529 3027 81 73 on
2649 3025 172 75 page
2857 3010 147 90 358.

183 3124 298 63 Leaders:
537 3126 276 61 Shelton
870 3124 420 67 Williamson,
1356 3123 144 69 155,
1564 3120 148 72 189;
1771 3115 240 76 Evelyn
2068 3114 235 78 Harris,
2367 3112 145 79 159,
2571 3111 156 81 335;
2785 3108 216 84 Loven

184 3225 283 72 Earnest,
534 3228 153 69 405,
751 3226 156 70 498;
967 3223 187 75 Jerry
1216 3219 373 79 Sheppard,
1654 3219 132 79 499
1845 3216 99 82 for
2002 3213 211 85 Leslie
2275 3211 231 87 Cates,
2572 3213 153 85 500;
2790 3205 211 93 Curtis

184 3324 373 72 McLendon,
607 3327 153 69 270,
817 3325 145 70 170;
1015 3322 280 73 Herman
1345 3318 220 78 Smith,
1615 3318 150 78 400,
1815 3316 151 79 360;
2017 3312 295 84 Everette
2364 3309 288 87 Denney,
2703 3307 105 88 84,
2857 3306 151 90 569;

184 3421 187 63 Nellie
429 3424 151 60 Mae
636 3423 229 70 White,
924 3423 154 70 294,
1138 3421 156 72 378;
1356 3417 210 76 Henry
1624 3415 169 78 Kerr,
1852 3414 153 79 511,
2065 3412 156 81 292;
2280 3409 93 84 Mr
2422 3408 132 85 and
2613 3405 129 88 Mrs
2799 3402 204 91 Lewis

187 3520 241 73 Norton,
480 3525 151 69 294,
682 3523 154 70 378;
889 3522 213 73 Henry
1153 3519 165 76 Kerr,
1374 3517 148 78 511,
1573 3514 151 81 292;
1777 3511 129 84 Mrs
1956 3510 126 85 and
2134 3508 145 87 Mrs.
2335 3505 199 90 Lewis
2586 3504 259 91 Norton,
2896 3502 105 93 46,

184 3622 138 69 358;
366 3622 169 69 Cecil
582 3621 265 70 Edward
892 3618 127 73 and
1104 3616 199 75 Lewis
1347 3615 231 76 Norton
1624 3612 99 79 led
1765 3625 166 66 song
1977 3624 81 67 on
2103 3622 172 69 page
2316 3604 133 87 45b
2491 3619 78 72 as
2611 3603 108 88 the
2758 3600 246 91 closing

186 3732 174 63 song.
402 3720 139 75 Carl
585 3718 270 76 Hughes
895 3714 352 81 dismissed
1290 3712 105 82 the
1435 3711 178 84 class
1650 3708 139 87 with
1830 3720 243 75 prayer.

186 3814 367 73 Chairman,
637 3816 210 72 Lewis
928 3813 271 75 Norton;
1278 3810 160 78 Vice
1515 3805 382 82 Chairman,
1977 3801 184 87 Cecil
2241 3798 343 90 Edwards;
2665 3795 342 93 Honorary

186 3913 351 73 Chairman,
586 3916 240 70 Lemon
877 3913 246 73 Brown;
1171 3910 361 76 Secretary,
1584 3904 174 82 Mary
1806 3901 309 85 Florence
2160 3897 220 90 Smith.

801 4017 231 81 NEW
1063 4012 414 85 CANAAN
1515 4005 411 93 BAPTIST
1956 4002 426 96 CHURCH

1168 4138 243 61 Walker
1435 4138 258 72 County,
1723 4132 304 78 Alabama

1362 4239 142 75 May
1527 4236 303 78 21,1989

321 4350 132 61 The
489 4348 232 63 annual
759 4345 249 66 Sacred
1045 4344 168 76 Harp
1248 4339 258 81 Singing
1545 4335 144 85 held
1726 4339 61 81 at
1824 4332 153 88 New
2010 4330 268 90 Canaan
2317 4327 246 93 Church
2604 4341 79 79 on
2719 4324 106 96 the
2859 4323 150 97 third

184 4447 252 81 Sunday
471 4452 54 76 in
567 4450 163 78 May,
768 4462 141 66 was
946 4443 204 85 called
1188 4447 61 81 to
1287 4438 186 90 order
1506 4437 78 91 by
1620 4435 127 93 Tim
1785 4432 273 96 Gilmore
2097 4428 249 100 leading
2382 4441 166 87 song
2587 4441 81 87 on
2707 4440 169 88 page
2913 4425 103 103 32.

186 4546 219 81 Prayer
438 4567 141 60 was
622 4549 99 78 led
765 4548 79 79 by
889 4543 297 84 Harrison
1230 4539 205 88 Creel.
1479 4537 133 90 The
1653 4534 180 93 class
1869 4546 139 81 was
2050 4525 345 102 organized
2436 4525 81 102 by
2554 4524 273 103 electing

1558 4638 82 58 65
