3162 4957
310 153 132 63 The
487 156 270 70 Mitchell
802 169 324 67 Memorial
1170 180 249 63 Sacred
1461 184 169 78 Harp
1666 186 261 78 Singing
1965 202 139 61 was
2143 189 205 75 called
2388 195 64 69 to
2491 190 184 73 order
2713 190 81 75 by
2835 190 163 75 Billie

165 259 105 63 Joe
325 253 216 69 Harris
598 309 13 13 .
672 261 139 64 The
870 274 291 79 morning
1221 294 234 61 prayer
1503 297 144 58 was
1704 283 100 72 led
1863 283 79 75 by
2001 285 252 75 Harvey
2308 285 247 75 Austin.
2613 286 136 73 The
2805 288 184 72 class

169 354 327 82 organized
553 357 82 79 by
690 363 286 87 electing
1032 373 111 76 the
1197 376 318 79 following
1572 379 283 76 officers:
1912 381 370 75 Chairman,
2344 382 171 73 Billie
2563 382 132 73 Joe
2752 382 235 73 Harris;

168 457 132 63 Vice
354 453 375 79 Chairman,
790 463 279 69 Shelton
1128 472 420 75 Williamson;
1606 477 370 76 Secretary,
2038 477 240 76 Evelyn
2338 478 237 75 Harris;
2631 480 355 78 Arranging

171 555 375 72 Committee,
600 556 240 70 Hester
885 565 316 64 Edwarda
1246 573 127 58 and
1423 573 250 76 Harvey
1717 574 240 75 Austin.
2010 576 307 73 Leaders:
2368 576 166 73 Billie
2577 577 129 72 Joe
2755 576 229 73 Harris,

174 658 124 69 108;
351 652 249 79 Harvey
651 657 249 78 Austin,
958 666 105 72 75,
1123 670 148 70 101;
1327 670 139 70 Don
1524 672 259 70 Bowen,
1840 673 105 70 97,
2004 673 193 70 145b;
2253 673 159 70 Eula
2457 673 330 72 Johnson,
2841 676 151 69 300,

171 759 129 67 328;
354 753 174 73 Cecil
586 754 337 79 Edwards,
981 766 154 69 358,
1200 769 148 69 152;
1407 768 178 76 Revy
1639 769 417 75 Williamson,
2113 771 106 73 47,
2286 774 147 70 111;
2493 771 66 73 B.
2619 772 79 72 M.
2758 772 225 72 Smith,

172 859 84 69 81,
298 855 138 73 123;
480 853 243 75 Beulah
769 856 244 76 Reese,
1057 865 150 69 274,
1257 867 144 69 100;
1446 865 268 70 Mozelle
1756 867 361 78 Sheppard,
2164 868 99 76 led
2310 871 144 73 176,
2499 870 124 75 and
2665 871 130 73 348
2836 886 79 58 as
2956 886 40 58 a

175 952 295 66 memorial
522 954 93 64 for
661 955 57 63 J.
775 957 58 61 L.
892 958 205 78 Edge;
1155 963 160 75 Hoyt
1366 964 304 73 Renfore,
1723 967 108 70 39,
1885 969 151 69 512;
2089 967 282 70 Carlene
2422 969 238 69 Griffin,
2713 970 130 67 309
2893 969 97 69 for

175 1053 274 63 Chalmus
487 1051 280 64 Wallace
808 1057 127 58 and
978 1057 226 76 Danny
1242 1060 232 73 Griffin;
1516 1062 145 72 E.C.
1707 1063 255 70 Bowen,
2004 1068 129 66 498
2172 1065 127 69 and
2338 1068 127 66 534
2508 1066 54 67 in
2604 1081 282 60 memory
2925 1066 66 75 of

177 1153 79 63 his
301 1150 156 66 wife.

178 1251 264 64 RECESS.

324 1351 256 61 Shelton
619 1351 387 63 Williamson
1045 1356 205 60 called
1293 1357 108 60 the
1441 1357 178 63 class
1660 1360 294 76 together
1993 1360 252 78 leading
2284 1378 169 61 song
2497 1378 81 61 on
2620 1378 172 61 page
2832 1365 150 75 269.

178 1450 286 61 Leaders:
535 1450 249 78 Margie
855 1452 231 76 Smith,
1158 1456 156 72 335,
1384 1458 112 70 32;
1563 1456 189 76 Jerry
1819 1459 382 76 Sheppard,
2272 1462 154 73 304,
2499 1464 157 72 558;
2730 1461 256 75 Martha

177 1549 310 70 Woodard,
543 1551 153 70 569;
751 1549 70 72 H.
880 1551 69 70 R.
1009 1552 360 73 Batchelor,
1426 1557 151 72 374,
1632 1558 154 70 375;
1843 1557 181 72 Rosa
2079 1558 294 78 Hughes,
2428 1561 150 75 390,
2635 1561 108 75 45;
2799 1560 189 76 Ester

177 1648 147 70 Wall,
382 1650 144 69 129,
582 1651 156 69 478;
790 1650 175 70 John
1024 1651 294 73 Forman,
1383 1657 147 69 112,
1587 1657 154 69 299;
1800 1656 192 75 Lydia
2046 1657 298 73 Baswell,
2401 1660 153 70 418,
2611 1662 156 69 212;
2826 1659 159 72 Lora

178 1747 205 76 Cargo,
438 1749 151 75 354,
648 1750 154 73 460;
856 1749 192 75 Josie
1104 1752 274 72 Gibson,
1441 1756 148 69 166,
1648 1756 153 70 406;
1860 1755 271 72 Shelbie
2187 1756 372 78 Sheppard,
2616 1759 153 75 213,
2826 1759 156 75 277;

180 1846 211 76 Forney
435 1846 204 76 Cobb,
687 1849 150 73 283,
885 1851 150 72 340.

180 1944 358 61 DISMISSED
562 1947 151 60 FOR
736 1947 264 63 LUNCH.

310 2044 127 60 The
474 2046 330 60 afternoon
841 2049 267 60 session
1146 2067 138 43 was
1320 2052 204 58 called
1563 2053 292 75 together
1890 2053 79 75 by
2007 2055 265 73 Shelton
2308 2055 382 73 Williamson
2731 2055 249 78 leading

178 2158 139 61 song
366 2158 78 61 on
492 2160 171 61 page
711 2148 148 73 434.
913 2146 307 75 Leaders:
1272 2149 172 75 Mary
1495 2149 291 75 F.Smith,
1837 2152 148 72 387,
2037 2154 151 70 289;
2236 2152 219 72 Austin
2508 2152 270 76 Phillips,
2833 2155 144 73 182,

175 2242 87 69 42;
310 2242 30 69 I.
387 2242 66 69 V.
505 2242 406 73 McWhorter,
967 2248 145 69 109,
1168 2250 147 67 177;
1366 2248 255 69 Brenda
1665 2250 225 69 Webb,
1939 2253 106 67 40,
2097 2253 105 67 63;
2251 2251 253 69 Carlton
2553 2251 225 70 Wood,
2827 2254 150 67 457,

175 2341 129 69 313;
361 2340 231 76 Evelyn
654 2343 235 73 Harris,
955 2346 147 70 155,
1168 2349 148 67 159;
1375 2347 175 69 Alice
1611 2347 333 69 Edwards,
2004 2350 154 67 271;
2214 2349 135 69 Jeff
2403 2349 370 76 Sheppard,
2832 2352 153 73 308,

175 2439 84 69 26,
307 2440 142 69 358,
502 2442 151 70 294;
706 2442 180 75 Jerry
939 2442 367 78 Sheppard,
1360 2446 153 73 291;
1569 2443 162 76 Ruth
1788 2445 240 75 Brown,
2085 2446 183 73 Pearl
2320 2446 196 73 Guier
2565 2446 127 73 and
2748 2446 235 73 Hester

177 2535 303 73 Edwards,
549 2541 150 69 143,
769 2542 151 69 147;
987 2541 273 70 Shelbie
1324 2542 378 76 Sheppard,
1773 2545 151 73 149;
1992 2544 171 75 Billie
2229 2544 216 75 Harris
2508 2544 129 75 and
2701 2544 276 75 Shelton

174 2632 351 64 Williamson
570 2637 100 60 led
714 2638 108 60 the
864 2640 247 76 closing
1158 2656 169 61 song
1372 2656 81 61 on
1498 2656 175 61 page
1717 2643 103 75 62.
1866 2640 133 78 The
2041 2641 180 76 class
2262 2656 141 61 was
2443 2640 352 78 dismissed
2838 2641 139 76 with

175 2746 198 61 prayer
421 2734 76 75 by
552 2736 250 75 Harvey
856 2737 244 73 Austin.

174 2829 331 75 Chairman,
558 2833 166 70 Billie
769 2835 129 69 Joe
948 2835 232 72 Harris;
1228 2836 154 70 Vice
1431 2836 366 70 Chairman,
1848 2836 267 70 Shelton
2163 2835 409 72 Williamson;
2620 2836 361 75 Secretary,

175 2926 207 79 Evelyn
439 2931 234 75 Harris.

1003 3037 328 81 SHADY
1353 3037 342 81 GROVE
1719 3036 408 82 CHURCH

1089 3166 301 70 Cullman,
1422 3166 258 75 County,
1710 3165 321 76 Alabama.

1224 3265 357 60 November
1609 3267 94 67 12,
1738 3265 163 69 1989

322 3361 129 63 The
495 3366 232 60 annual
774 3366 249 60 Sacred
1066 3366 171 76 Harp
1278 3364 262 78 Singing
1584 3363 142 79 held
1773 3369 63 73 at
1876 3361 217 81 Shady
2139 3361 210 81 Grove
2392 3360 300 82 Primitive
2739 3361 238 81 Baptist

171 3456 220 66 Church
433 3462 54 61 in
529 3463 309 72 Cullman,
883 3463 252 75 County
1174 3478 139 60 was
1351 3462 205 76 called
1597 3466 61 72 to
1701 3460 186 78 order
1923 3459 79 79 by
2038 3459 169 79 John
2253 3457 225 81 Hocutt
2517 3459 250 79 leading
2808 3477 166 61 song

169 3570 66 46 on
279 3574 166 64 page
492 3565 105 73 30.
649 3562 135 76 The
837 3562 288 78 morning
1174 3576 232 64 prayer
1449 3574 138 66 was
1638 3558 99 82 led
1788 3558 78 82 by
1918 3558 207 82 Henry
2175 3555 303 85 Guthery.
2526 3556 172 84 John
2748 3556 229 84 Hocutt

168 3654 126 64 then
337 3660 96 61 led
474 3678 169 63 song
690 3679 84 61 on
816 3676 177 64 page
1033 3661 133 79 31b
1209 3660 127 81 and
1380 3661 103 79 35.
1533 3657 301 84 Leaders:
1882 3655 141 85 Billy
2064 3654 315 87 Williams,
2431 3657 141 84 144,
2617 3658 106 82 40;
2770 3655 204 85 Henry

163 3753 300 78 Johnson,
526 3763 154 69 290,
747 3763 111 69 61;
919 3759 186 76 Virgil
1168 3756 282 79 Phillips,
1521 3756 145 79 141,
1731 3754 108 81 47;
1900 3753 168 82 Aver
2125 3751 241 84 Crider,
2430 3754 106 81 44,
2599 3754 108 81 48;
2769 3753 207 82 Alpha

168 3849 183 78 Black,
403 3859 151 70 391,
609 3861 156 69 343;
820 3856 195 73 Essie
1068 3855 276 75 Calvert,
1398 3855 150 75 460,
1602 3852 106 78 34;
1761 3849 271 81 Vernice
2083 3847 273 82 Calvert,
2410 3850 148 79 454,
2614 3852 150 78 373.

166 3948 268 69 RECESS.

313 4054 129 63 The
483 4057 183 61 class
709 4050 456 69 reassembled
1206 4048 139 70 with
1386 4047 169 72 John
1600 4045 226 73 Hocutt
1867 4044 250 76 leading
2160 4059 163 61 song
2367 4060 82 60 on
2491 4060 172 61 page
2703 4048 102 73 87.
2850 4047 130 75 The

160 4149 156 66 class
364 4156 354 79 organized
771 4155 82 81 by
901 4149 279 87 electing
1230 4147 111 88 the
1389 4144 313 91 following
1753 4143 280 93 officers:
2086 4141 361 94 Chairman,
2499 4143 171 93 John
2721 4144 250 91 Hocutt;

159 4246 132 67 Vice
351 4255 379 70 Chairman,
801 4252 217 73 Henry
1081 4246 315 79 Guthery;
1462 4243 372 82 Secretary,
1902 4240 162 85 Unie
2130 4240 64 85 B.
2262 4240 300 85 Howard;
2625 4243 352 82 Arranging

159 4347 396 79 Committee,
628 4353 154 75 Billy
850 4347 336 81 Williams.
1261 4341 318 87 Leaders:
1651 4339 279 88 Preston
2002 4338 243 90 Crider,
2316 4341 153 87 397,
2538 4342 157 85 377;
2766 4342 213 85 Henry

156 4447 282 85 Guthery,
493 4456 157 76 486,
711 4453 106 79 97;
877 4446 162 87 Unie
1098 4444 64 88 B.
1225 4440 292 93 Howard,
1581 4440 144 93 172,
1782 4440 154 93 384;
1992 4437 175 96 Cecil
2221 4437 319 96 Sanders,
2599 4443 150 90 512;
2808 4443 162 90 Eron

154 4546 202 84 White,
423 4560 156 70 300,
645 4552 160 78 378;
873 4545 201 85 Marie
1138 4540 291 90 Guthrie,
1495 4539 150 91 336,
1719 4537 148 93 192;
1935 4536 238 94 Bertha
2235 4536 297 94 Henson,
2596 4542 153 88 313,
2814 4545 154 85 293;

154 4647 195 72 Flarce
399 4656 214 70 Creel,
664 4651 154 75 389,
871 4645 151 81 39b.

1506 4738 120 58 169
