3150 4950
186 309 126 70 Holt,
352 309 105 70 64.
502 309 133 70 Eric
678 315 180 64 Bean
901 325 195 60 made
1135 336 516 54 announcemnts
1692 328 123 61 and
1854 342 169 61 gave
2061 325 231 78 thanks
2329 330 63 73 to
2431 322 94 81 all.
2571 321 94 82 He
2704 321 150 82 then
2898 319 96 84 led

187 412 61 61 62
292 406 124 67 and
466 408 198 66 those
712 417 147 60 who
907 421 250 61 wished
1207 427 151 58 took
1405 427 106 58 the
1561 426 243 75 parting
1857 423 190 78 hand.
2100 423 133 78 The
2280 420 250 81 closing
2583 432 228 69 prayer
2857 432 138 69 was

187 510 154 79 given
387 504 79 85 by
510 507 189 82 Chris
744 513 226 76 Haller.

1173 619 327 70 SUNDAY,
1522 616 370 73 OCTOBER
1914 618 81 72 29

342 703 99 61 On
486 703 270 79 Sunday
802 715 285 78 morning
1131 733 99 60 we
1272 717 238 76 shared
1555 732 114 61 our
1710 714 201 79 music
1951 712 139 81 with
2134 712 108 81 the
2284 709 463 84 congregation
2793 708 64 85 of
2895 706 108 87 the

193 807 124 64 First
367 804 246 78 Baptist
666 807 280 75 Church.
1006 814 309 67 Leaders:
1371 814 133 67 Eric
1558 814 201 69 Bean,
1813 814 106 69 59;
1977 811 204 72 Bruce
2236 808 291 75 Randall,
2589 808 148 75 107;
2793 805 204 78 Paula

193 906 256 73 McGray,
498 906 106 73 45;
652 904 232 75 Ginnie
931 910 126 76 Ely,
1105 915 150 72 212;
1305 913 237 73 Dewey
1588 910 195 76 Neild,
1831 912 106 75 49;
1984 909 184 78 Chris
2214 907 225 79 Haller.

843 1012 336 82 SOUTH
1206 1014 447 81 GEORGIA
1677 1011 637 84 CONVENTION

1006 1141 294 58 Lebanon
1332 1140 289 60 Primitive
1650 1140 232 78 Baptist
1908 1140 244 78 Church

1260 1239 433 70 Novembers,
1728 1240 165 69 1989

331 1336 124 61 The
495 1335 147 63 70th
682 1336 267 61 session
990 1336 66 61 of
1089 1338 108 60 the
1236 1338 204 60 South
1480 1336 279 79 Georgia
1797 1338 246 78 Sacred
2085 1336 169 79 Harp
2292 1335 261 81 Singing
2595 1333 397 82 Convention

195 1453 109 45 was
336 1435 196 63 called
568 1441 63 57 to
667 1435 184 63 order
885 1435 79 75 by
1003 1435 267 75 Richard
1306 1437 316 73 Johnson,
1663 1437 358 73 Chairman,
2065 1435 249 78 leading
2352 1450 166 63 song
2559 1450 81 63 on
2679 1449 172 64 page
2890 1434 100 79 63.

196 1537 108 61 The
345 1534 276 78 opening
667 1551 232 61 prayer
939 1551 142 61 was
1129 1534 100 78 led
1279 1536 82 76 by
1408 1536 199 76 David
1657 1536 217 76 Grant.
1968 1536 216 76 Oscar
2229 1533 301 79 McGurie
2577 1533 130 79 and
2755 1531 244 81 Robert

199 1635 193 60 Meeks
429 1650 168 45 were
637 1633 346 78 appointed
1024 1639 64 72 to
1129 1650 192 61 serve
1362 1651 81 60 on
1486 1635 106 76 the
1636 1635 331 76 arranging
2010 1633 385 78 committee.
2475 1633 135 78 The
2652 1632 342 79 Chairman

198 1732 310 79 appointed
558 1732 258 79 Mildred
867 1732 246 79 Dumas
1161 1734 126 78 and
1339 1734 253 78 Carlton
1644 1734 345 78 Hitchcock
2034 1738 64 73 to
2145 1749 193 63 serve
2386 1747 82 64 on
2517 1732 108 79 the
2674 1729 327 82 memorial

198 1831 358 61 committee.
669 1831 138 61 The
864 1831 319 78 following
1246 1833 267 76 leaders
1570 1848 174 61 were
1803 1831 235 78 called:
2154 1831 277 78 Richard
2488 1831 334 78 Johnson,
2884 1831 109 78 32;

199 1930 301 75 Raymond
558 1930 312 75 Hamrick,
927 1932 105 73 74,
1087 1932 108 73 77;
1252 1932 259 73 Mildred
1569 1932 250 73 Dumas
1872 1933 103 72 40,
2040 1933 145 72 120;
2245 1930 238 75 Robert
2539 1929 252 76 Meeks,
2850 1927 150 78 73b,

196 2029 169 70 323b;
423 2029 175 75 Mary
658 2029 357 75 Brownlee,
1078 2032 106 72 84,
1246 2031 156 73 47b;
1465 2029 141 75 Don
1666 2029 226 75 White,
1962 2032 145 72 155,
2172 2029 154 75 68b;
2389 2028 244 76 Estelle
2695 2028 304 76 Flowers,

198 2130 124 69 388,
376 2130 148 69 299;
585 2127 141 72 Otis
787 2127 255 72 Hester,
1110 2130 145 70 142,
1315 2131 154 69 220;
1531 2128 261 72 Sandra
1846 2128 372 72 Wilkinson,
2278 2130 151 70 300,
2491 2128 156 72 274;
2704 2125 291 75 Timothy

201 2226 216 72 Meeks,
471 2229 148 69 341,
675 2229 150 69 490.

201 2326 238 60 RECESS

358 2425 265 60 Richard
663 2427 301 60 Johnson
1009 2427 207 60 called
1260 2427 108 60 the
1411 2427 181 60 class
1633 2433 64 54 to
1740 2425 187 61 order
1968 2425 255 76 leading
2266 2440 174 61 page
2482 2425 150 76 273.
2721 2422 283 79 Leaders

198 2523 181 61 called
444 2541 196 45 were:
763 2526 214 75 Joyce
1047 2526 333 75 Harrison,
1447 2527 154 73 236,
1678 2527 148 73 192;
1899 2524 132 76 Kim
2098 2524 232 76 Cagle,
2406 2524 148 76 137,
2629 2523 151 78 176;
2850 2520 145 81 Lois

199 2622 231 72 Stancil,
492 2626 150 69 430,
705 2626 109 69 99;
876 2625 250 70 Steven
1191 2625 253 70 Meeks,
1506 2626 153 69 340,
1722 2623 199 72 275b;
1981 2622 267 75 Wesley
2310 2620 223 76 Haley,
2602 2622 148 75 198;
2814 2619 181 78 Edith

199 2721 240 76 Bartley,
499 2725 151 72 288,
714 2725 154 72 339;
927 2724 129 73 Jon
1117 2727 43 70 &
1227 2724 132 73 Kay
1420 2722 363 75 Robinson,
1851 2724 145 73 144,
2065 2722 148 75 147;
2275 2719 321 78 Gertrude
2659 2718 342 79 Bateman,

201 2821 118 70 171,
366 2823 147 70 454;
562 2821 196 72 David
808 2823 217 70 Grant,
1075 2824 148 69 446,
1275 2824 151 69 558;
1473 2821 135 72 The
1656 2820 340 73 Chairman
2044 2818 205 75 called
2298 2818 93 75 for
2436 2833 39 60 a
2523 2817 232 76 motion
2803 2821 63 72 to
2913 2832 84 61 go

196 2917 102 61 into
331 2935 37 45 a
400 2920 306 61 business
744 2922 283 60 session.
1098 2922 133 60 The
1272 2922 231 60 motion
1539 2935 136 46 was
1711 2919 202 63 called
1953 2919 124 63 and
2115 2917 360 64 seconded.
2548 2914 195 67 David
2779 2914 214 69 Grant,

198 3016 310 63 Chairman
561 3021 64 58 of
670 3021 111 58 the
832 3019 393 78 nominating
1278 3019 370 78 committee
1699 3016 346 81 submitted
2098 3016 106 81 the
2256 3015 312 82 following
2622 3028 235 69 names
2905 3012 96 85 for

195 3118 451 61 consideration
699 3135 81 45 as
831 3120 264 60 officers
1144 3120 97 60 for
1290 3118 111 61 the
1449 3117 258 76 coming
1758 3132 174 61 year.
2035 3114 366 79 Chairman,
2457 3111 264 82 Wesley
2773 3109 223 84 Haley;

195 3211 130 63 Vice
378 3216 366 72 Chairman,
805 3217 195 75 Harry
1059 3217 271 75 Dumas;
1390 3216 346 76 Secretary
1792 3213 129 79 and
1977 3213 373 79 Treasurer,
2413 3207 259 85 Mildred
2733 3207 271 85 Dumas;

195 3310 309 64 Assistant
564 3315 376 76 Secretary,
1006 3315 181 76 Mary
1252 3313 363 78 Brownlee;
1681 3310 345 81 Chaplain,
2095 3309 246 82 Robert
2403 3306 258 85 Meeks.
2779 3304 228 87 These

195 3411 238 63 officers
492 3430 177 45 were
732 3415 289 60 elected.
1143 3414 141 61 The
1347 3412 268 63 officers
1677 3417 204 58 terms
1944 3408 196 78 begin
2208 3412 64 73 at
2334 3406 109 79 the
2508 3405 189 81 close
2763 3403 66 82 of
2886 3405 112 81 the

195 3514 369 61 convention.
634 3514 135 61 The
807 3514 310 61 business
1153 3513 265 63 session
1455 3526 136 49 was
1630 3508 367 79 adjourned.

196 3607 361 67 DISMISSED
580 3615 151 60 FOR
753 3613 246 61 LUNCH

351 3712 130 61 The
525 3714 336 61 afternoon
906 3711 267 64 session
1215 3726 142 49 was
1396 3708 205 67 called
1645 3714 61 61 to
1750 3706 186 69 order
1975 3705 81 76 by
2098 3702 270 79 Richard
2409 3702 300 79 Johnson
2755 3697 249 84 leading

192 3823 147 67 song
397 3829 82 61 on
541 3831 178 61 page
780 3816 133 76 45t.
1032 3810 294 82 Leaders
1384 3823 196 69 were:
1695 3805 195 87 Harry
1954 3804 271 88 Dumas,
2287 3804 153 88 218,
2502 3802 156 90 269;
2719 3796 286 96 Wynelle

193 3907 334 79 Birchfield,
594 3916 156 70 293,
820 3913 153 73 195;
1039 3909 183 78 Larry
1284 3906 384 81 Wilkerson,
1735 3906 150 81 100,
1956 3904 148 82 109;
2170 3901 118 85 Pat
2352 3898 255 88 Meeks,
2671 3898 153 88 480,
2890 3895 106 91 46;

192 4008 88 64 Bill
342 4014 244 73 Green,
663 4014 151 73 186,
883 4009 159 78 398;
1111 4005 205 82 Hazel
1383 4003 234 84 Cagle,
1686 4005 153 82 546,
1906 4003 156 84 291;
2131 4000 174 87 C.W.
2376 3997 226 90 Haley,
2671 3997 154 90 445.
2952 3993 48 94 A

192 4114 297 61 memorial
537 4114 229 61 lesson
810 4122 142 54 was
997 4104 145 72 held
1188 4110 64 66 at
1293 4102 123 73 this
1458 4101 168 75 time.
1714 4099 253 76 Mildred
2016 4099 246 76 Dumas
2304 4111 171 64 gave
2517 4095 108 81 the
2671 4107 231 69 names
2949 4090 61 85 of

189 4209 90 63 the
324 4212 348 63 deceased
721 4210 265 73 singers
1038 4203 126 81 and
1213 4200 264 84 friends:
1576 4198 222 85 Bobby
1848 4198 220 85 Haley;
2118 4197 169 87 Vera
2335 4194 349 90 Gresham;
2737 4188 261 96 Frankie

187 4306 192 78 Ward;
453 4312 205 72 Willie
733 4305 313 79 Prichett;
1122 4300 153 84 Mrs.
1353 4296 345 88 Raymond
1773 4294 232 90 Smith;
2080 4294 274 90 Monroe
2427 4290 330 94 Stripling;
2832 4287 174 97 Mary

187 4405 252 79 Denton,
489 4411 144 73 wife
681 4407 67 78 of
795 4402 187 82 Elder
1029 4398 267 87 Monroe
1345 4395 250 90 Denton
1644 4408 40 76 a
1728 4392 250 93 singing
2026 4390 229 94 school
2302 4389 285 96 teacher.
2677 4386 148 99 Sick
2872 4383 124 102 and

183 4507 256 66 shut-ins
477 4522 196 51 were:
748 4495 337 79 Raymond
1126 4492 196 82 Smith
1365 4491 123 84 and
1530 4489 249 85 Carlton
1821 4488 357 87 Hitchcock.
2253 4486 256 88 Wesley
2548 4483 198 91 Haley
2785 4480 97 94 led

1539 4588 118 57 189
