3204 4984
435 388 226 81 Friday,
693 394 304 79 Saturday
1023 402 123 72 and
1176 403 37 70 ?
1237 405 216 69 before
1476 408 126 66 2nd
1627 409 256 79 Sunday
1911 445 21 43 -
1959 414 282 75 Calhoun
2269 412 241 76 County

283 483 405 78 Convention,
718 493 286 67 Concord
1035 499 229 78 Baptist
1290 502 243 75 Church
1579 513 159 64 west
1761 510 64 67 of
1851 508 142 76 Hwy
2016 513 85 72 32
2128 517 60 67 at
2215 510 213 75 Ellard,

282 580 567 85 Calhoun,County,
883 592 382 84 Mississippi.

430 682 256 63 Second
715 720 21 25 -
765 688 237 63 Lamar-
1030 691 264 64 Pickens
1321 699 384 61 Convention
1732 735 21 25 -
1780 703 148 58 73rd
1956 705 258 58 session
2241 736 22 27 -
2290 705 261 72 Sunday
2578 699 138 78 only
2743 726 21 51 -

277 775 147 61 Zion
451 778 264 75 Church,
744 786 40 67 8
811 786 175 67 miles
1014 792 168 61 north
1210 793 64 60 of
1296 793 228 72 Gordo,
1552 798 319 69 Alabama,
1906 802 96 64 1/4
2032 801 136 66 mile
2191 807 163 60 west
2379 799 64 67 of
2469 799 147 70 Hwy
2644 792 141 78 159.

430 876 255 63 Second
712 913 21 25 -
763 882 373 64 Macedonia
1164 886 231 78 Baptist
1419 891 241 73 Church
1690 927 21 37 -
1738 897 37 67 6
1806 897 99 67 1/2
1932 895 175 69 miles
2130 903 148 61 east
2304 897 63 67 of
2392 889 348 76 Haleyville,

277 970 319 76 Alabama,
627 979 124 67 and
775 982 39 64 4
846 982 172 64 miles
1044 985 183 61 south
1257 985 60 61 of
1345 987 370 73 Needmore,
1749 991 142 75 Hwy
1923 994 138 72 195,
2089 1009 81 57 on
2200 993 175 73 Farm
2403 997 61 69 to
2494 987 235 79 Market
2758 978 109 88 Rd.

426 1072 256 63 Second
711 1075 405 64 -Tennessee
1144 1081 178 63 River
1344 1086 385 61 Convention
1758 1122 19 25 -
1804 1090 256 60 Second
2088 1092 205 60 Creek
2319 1089 247 63 Church
2596 1119 19 33 -
2643 1081 174 70 Take

274 1167 381 64 Tennessee
682 1174 145 75 Hwy
853 1179 82 70 98
960 1183 61 66 to
1051 1179 139 70 Five
1218 1180 226 72 Points,
1473 1183 117 69 TN.
1620 1185 153 67 Turn
1800 1195 157 57 west
1983 1203 79 49 on
2091 1189 229 75 Liberty
2347 1189 210 75 Grove
2583 1216 21 48 -
2634 1180 142 84 Five

276 1264 210 63 Points
513 1269 133 70 Rd.,
675 1287 82 60 go
784 1273 189 73 about
1026 1276 21 70 1
1087 1276 135 70 mile
1252 1278 120 69 and
1399 1285 129 61 turn
1558 1281 115 69 left,
1701 1282 145 67 then
1875 1300 82 58 go
1984 1287 187 72 about
2200 1288 9 70 I
2239 1288 138 70 mile
2404 1300 81 58 on
2515 1296 163 64 pave

297 1363 147 58 road
469 1369 61 54 to
556 1366 228 61 church
814 1384 78 45 on
924 1371 162 75 right.

420 1461 240 76 August
690 1467 78 70 15
814 1498 21 39 -
861 1465 406 76 Wednesday
1296 1470 154 72 after
1470 1476 244 66 second
1744 1476 258 76 Sunday
2029 1479 54 73 in
2109 1480 258 76 August,
2398 1477 244 79 Elmore
2671 1474 250 82 Center-

270 1557 39 55 3
337 1555 175 60 miles
538 1560 184 58 south
750 1561 63 57 of
840 1561 226 70 Gordo,
1098 1564 319 67 Alabama.
1444 1567 144 64 This
1618 1570 48 61 is
1696 1575 253 72 reputed
1977 1581 61 66 to
2067 1576 162 70 have
2256 1578 211 75 begun
2499 1575 54 78 in
2586 1575 207 78 1845).

420 1653 304 76 Saturday
756 1657 183 75 (only)
969 1659 214 73 before
1210 1662 145 70 third
1384 1663 283 76 Sunday-
1698 1666 223 78 Boiling
1951 1671 258 76 Springs
2236 1672 393 75 Convention
2656 1705 19 42 -
2725 1674 69 73 At

267 1746 265 61 Abanda
561 1749 342 73 (Chamber
927 1753 355 76 County,Al)
1333 1765 127 64 turn
1488 1762 186 67 south
1699 1762 153 67 from
1881 1765 252 73 Hwy,77
2161 1777 147 61 onto
2335 1771 244 72 County
2607 1770 177 73 Road

273 1842 93 58 17.
396 1842 211 60 Travel
634 1852 63 51 to
721 1849 376 58 crossroads
1126 1858 61 52 at
1213 1852 208 60 Shiloh
1449 1857 244 60 Church
1723 1860 123 58 and
1873 1867 129 52 turn
2032 1863 163 75 right.
2226 1864 100 73 Go
2350 1872 63 66 to
2442 1873 142 64 next

264 1941 379 58 crossroads
670 1942 123 58 and
820 1950 129 54 turn
976 1951 61 54 to
1063 1954 277 54 extreme
1369 1951 97 60 left
1495 1953 118 60 into
1639 1956 115 58 Old
1785 1956 204 76 Biddy'
2017 1959 174 75 Ferry
2221 1962 196 72 Road.
2452 1963 324 70 Ebenezer

267 2032 334 63 Methodist
627 2038 244 61 Church
900 2041 51 60 is
976 2058 81 46 on
1086 2044 115 61 left.

412 2131 174 61 Third
613 2169 19 24 -
661 2136 126 60 and
813 2139 309 79 Saturday
1147 2143 216 75 before
1389 2181 21 37 -
1438 2149 310 69 Cleburne
1776 2154 241 78 County
2046 2157 384 75 Convention
2460 2196 19 36 -
2529 2163 165 69 Mars
2721 2167 97 64 Hill

262 2229 262 63 Church.
558 2233 313 63 Cleburne
897 2239 259 78 County,
1189 2244 144 76 Hwy
1360 2247 81 73 78
1467 2254 61 66 to
1558 2248 475 72 Fruithurst.turn
2064 2256 97 64 left
2188 2259 88 61 for
2304 2262 19 58 1
2365 2262 135 60 mile

409 2328 174 63 Third
610 2365 21 25 -
661 2334 220 63 Emma
907 2338 123 63 and
1060 2340 211 63 Belton
1303 2344 268 79 Beasley
1603 2349 309 75 Memorial
1942 2388 19 36 -
1990 2355 283 69 Concord
2307 2361 288 63 Primitive
2623 2365 226 78 Baptist

259 2427 246 64 Church
532 2464 21 27 -
582 2433 147 61 7/10
757 2436 175 63 miles
979 2442 186 61 south
1195 2443 61 60 of
1278 2454 226 69 county
1533 2449 177 73 Road
1744 2455 93 69 14,
1867 2454 289 75 Winfield,
2185 2460 319 69 Alabama.

406 2529 175 63 Third
609 2535 124 60 and
762 2535 307 82 Saturday
1095 2541 216 76 before
1339 2580 19 37 -
1387 2547 172 70 Rock
1584 2550 546 70 Creek-Mountain
2160 2559 199 63 Home
2385 2563 124 60 and
2538 2565 210 76 Ryans

256 2628 205 63 Creek
489 2634 147 69 ,116
661 2637 259 66 session
948 2673 21 30 -
996 2640 388 67 Convention
1411 2682 19 25 -
1506 2649 148 61 New
1683 2652 177 79 Hope
1888 2656 243 75 Church
2160 2709 10 22 .
2202 2664 37 67 5
2266 2662 175 69 miles
2467 2665 193 66 South
2691 2668 61 63 of

250 2727 208 63 Jones
487 2731 259 79 Chapel.
780 2736 145 78 Hwy
948 2742 400 79 278-County
1377 2746 111 75 Rd.
1516 2749 150 72 from
1690 2751 207 70 Jones
1923 2755 240 79 Chapel
2190 2766 60 69 to
2277 2761 204 73 Crane
2509 2763 97 72 Hill

255 2827 325 75 (Cullman,
610 2833 286 79 County).

402 2928 172 63 Third
601 2964 21 27 -
652 2932 208 63 Cedar
886 2937 204 61 Creek
1116 2940 243 63 Church
1387 2977 21 25 -
1435 2946 139 61 nine
1603 2949 172 60 miles
1803 2953 348 61 southwest
2173 2958 66 57 of
2263 2958 282 75 Cordele,
2577 2962 282 78 Georgia,

249 3025 253 79 Albany,
534 3030 274 79 Georgia
856 3034 310 79 Highway.

400 3126 219 63 Fourth
646 3163 21 25 -
694 3132 309 78 Saturday
1027 3136 139 78 only
1191 3171 21 43 -
1240 3139 162 75 Bear
1423 3141 202 73 Creek
1651 3145 384 69 Convention
2062 3183 21 31 -
2110 3150 216 76 Shady
2353 3154 207 72 Grove

250 3222 289 64 Primitive
570 3228 232 78 Baptist
828 3232 264 73 Church,
1119 3237 40 69 3
1188 3237 174 69 miles
1390 3240 168 66 north
1587 3241 63 64 of
1674 3243 237 63 Double
1936 3246 273 78 Springs,
2239 3249 324 75 Alabama,
2595 3274 79 49 on

247 3322 160 76 Hwy.
444 3328 138 70 195.

396 3423 217 63 Fourth
640 3426 124 61 and
792 3429 306 76 Saturday
1125 3432 213 73 before
1363 3468 21 37 -
1413 3435 366 81 Mississippi
1806 3439 174 76 State
2005 3441 387 75 Convention
2422 3483 19 33 -
2469 3451 214 64 Bethel

241 3520 292 63 Primitive
564 3525 232 78 Baptist
822 3526 243 76 Church
1093 3564 21 39 -
1141 3529 225 76 Hwy.9,
1401 3535 21 70 1
1464 3535 133 70 mile
1624 3537 169 69 north
1819 3537 64 69 of
1906 3538 211 70 Bruce,
2152 3541 169 67 Miss.

391 3621 217 63 Fourth
637 3622 123 63 and
789 3625 304 76 Saturday
1119 3628 213 73 before
1357 3663 19 39 -
1408 3631 267 70 Lookout
1704 3631 307 70 Mountain
2040 3637 385 67 Convention
2454 3681 19 24 -
2503 3649 150 63 Pine
2682 3655 204 61 Grove

237 3718 243 61 Church
508 3753 21 27 -
555 3724 39 55 4
624 3723 172 60 miles
822 3726 184 58 south
1036 3726 61 58 of
1122 3726 375 73 Collinsville,
1527 3730 316 69 Alabama,
1870 3739 144 60 east
2040 3735 63 64 of
2127 3736 145 78 Hwy
2304 3744 93 70 11.

385 3817 219 63 Fourth
631 3853 19 27 -
679 3819 228 79 Cherry
931 3822 154 76 Tree
1113 3823 249 78 Singing
1392 3859 19 42 -
1435 3826 223 75 James
1686 3826 199 75 Creek
1912 3831 289 70 Primitive
2232 3835 234 79 Baptist
2491 3846 246 69 Church
2766 3888 19 27 -

235 3913 330 63 Itawamba
592 3916 258 76 County,
882 3919 382 79 Mississippi,
1294 3925 39 73 4
1362 3922 172 76 miles
1558 3925 183 73 south
1770 3927 63 72 of
1855 3927 144 76 Hwy
2028 3931 76 72 78
2133 3948 78 55 on
2241 3933 177 70 State
2448 3942 141 63 Line
2616 3948 181 63 Road

228 4017 145 54 east
397 4012 64 58 of
484 4012 303 72 Tremont,
819 4015 384 79 Mississippi.

379 4110 216 61 Fourth
624 4144 19 27 -
672 4113 286 72 Roberta,
988 4113 270 79 Georgia
1284 4149 21 43 -
1333 4117 267 75 Roberta
1624 4119 156 73 Club
1804 4119 234 73 House,
2071 4125 142 76 Hwy
2238 4129 147 72 341.

1588 4509 76 57 10
