3150 4950
312 153 138 63 The
492 160 342 69 afternoon
876 175 270 61 session
1186 195 141 45 was
1366 183 205 60 called
1612 184 294 75 together
1942 184 79 75 by
2065 184 64 75 B.
2176 184 78 75 M.
2299 184 196 75 Smith
2541 186 252 75 leading
2835 201 166 61 song

159 271 72 46 on
283 270 174 61 page
519 259 150 72 123.
732 265 316 67 Leaders:
1107 274 261 63 Carlton
1423 279 229 70 Wood,
1711 282 103 67 78,
1872 282 153 67 457;
2085 280 238 73 Evelyn
2382 280 234 73 Harris,
2679 283 147 70 159,
2883 283 111 70 47;

160 354 235 73 Harvey
454 352 255 78 Austin,
769 364 159 73 335,
988 372 157 69 405;
1207 372 234 69 Lessie
1500 375 231 69 Cates,
1794 378 106 67 63;
1960 376 270 75 George
2287 376 274 75 Garner,
2622 378 154 73 208,
2836 378 156 73 222;

162 454 223 61 Homer
445 450 372 81 Benefield,
888 466 148 70 100,
1102 471 109 69 56;
1276 469 150 76 Billy
1483 471 130 75 Joe
1677 471 237 75 Harris,
1977 474 132 72 247
2169 472 99 73 for
2326 472 186 73 Pearl
2577 472 421 73 McWhorter,

163 553 133 70 68b;
345 550 241 73 Comer
631 553 219 78 Walls,
910 565 147 70 176,
1116 568 147 70 146;
1314 568 211 70 Curtis
1576 570 388 69 McLendon,
2023 571 145 69 143,
2226 571 147 69 198;
2424 570 144 70 Carl
2617 570 196 70 Walls
2863 571 129 69 and

165 651 175 66 Kevin
390 651 219 73 Walls,
666 655 154 75 73b,
873 663 111 70 46;
1033 663 184 78 Jerry
1269 664 369 79 Sheppard,
1692 669 153 75 201,
1897 669 153 75 203;
2107 667 201 76 Lewis
2364 667 258 76 Norton,
2679 669 103 75 77,
2839 669 151 75 76b;

165 751 256 76 Carolyn
486 751 303 76 Bracken
852 762 132 66 and
1045 762 127 66 Ola
1236 763 190 64 Pruitt
1489 763 55 64 in
1609 781 292 60 memory
1962 766 67 75 of
2082 766 60 75 J.
2206 766 66 75 T.
2338 766 213 75 Pruitt,
2622 769 148 72 124,
2835 769 156 72 273;

168 852 303 64 Members
514 852 64 64 of
619 852 111 64 the
775 855 394 66 McWhorter
1209 862 210 76 family
1462 862 100 76 led
1644 865 148 73 383,
1837 867 105 72 45,
1987 867 105 72 81,
2140 867 85 72 67
2268 865 129 73 and
2445 867 126 72 109
2616 865 54 73 in
2718 882 285 60 memory

168 954 54 63 of
249 951 154 66 Jack
441 951 207 66 Hicks.
690 952 234 64 Walter
961 958 288 61 Hamrick
1288 961 124 58 and
1456 961 63 60 B.
1564 961 76 61 M.
1684 961 198 61 Smith
1923 963 99 60 led
2059 979 169 61 song
2268 979 81 61 on
2389 979 172 61 page
2601 964 129 76 68b
2767 979 79 61 as
2884 964 108 76 the

166 1051 223 79 closing
432 1068 189 63 song.
670 1051 201 79 Lewis
918 1056 235 75 Norton
1198 1057 355 73 dismissed
1597 1060 138 70 with
1782 1077 244 63 prayer.

169 1153 340 72 Chairman,
564 1152 238 73 Walter
853 1155 315 73 Harmick,
1224 1158 156 70 Vice
1432 1159 370 73 Chairman,
1860 1161 64 72 B.
1984 1162 78 70 M.
2118 1162 226 72 Smith;
2398 1162 367 76 Secretary,
2824 1162 177 78 Mary

171 1254 51 61 F.
259 1252 210 63 Smith.

1183 1363 228 78 REID
1441 1363 520 81 MEMORIAL

1149 1488 117 61 Old
1294 1489 244 78 County
1566 1491 141 76 Line
1734 1492 246 75 Church

1263 1588 280 61 October
1570 1591 94 70 15,
1701 1593 165 69 1989

351 1681 130 60 The
526 1689 277 69 seventy
849 1684 273 73 session
1171 1686 64 72 of
1278 1686 111 72 the
1437 1687 159 70 Reid
1645 1687 327 70 Memorial
2019 1689 252 69 Sacred
2322 1689 169 78 Harp
2536 1690 265 76 Singing
2848 1705 141 61 was

171 1779 183 60 called
399 1785 63 54 to
507 1779 189 61 order
738 1780 82 76 by
864 1782 111 75 the
1018 1782 352 75 chairman,
1423 1783 298 73 Harrison
1770 1786 187 70 Creel
2008 1786 253 78 leading
2310 1803 169 61 song
2529 1803 82 61 on
2659 1804 174 60 page
2880 1789 105 75 30.

171 1878 115 60 The
336 1878 279 78 morning
667 1894 231 61 prayer
943 1896 139 60 was
1137 1881 99 75 led
1288 1881 79 76 by
1422 1882 262 75 Brother
1732 1884 297 73 Childers
2077 1885 159 72 from
2290 1885 339 78 Michigan.
2686 1885 300 78 Harrison

172 1975 165 61 Creel
381 1977 148 60 then
580 1977 100 61 led
726 1993 171 63 song
945 1995 82 61 on
1077 1995 172 63 page
1296 1983 148 75 317.
1494 1981 151 76 This
1690 1981 252 79 singing
1992 1983 54 78 is
2091 1984 444 76 permanently
2580 1984 351 78 organized
2983 1999 12 63 :

172 2074 343 73 Chairman,
576 2076 307 72 Harrison
940 2079 213 72 Creel,
1213 2079 154 72 Vice
1426 2080 372 72 Chairman,
1861 2082 316 70 Kathleen
2238 2082 315 73 Robbins,
2614 2083 369 76 Secretary,

174 2175 180 60 Marie
418 2176 327 78 Aldridge.
820 2178 298 76 Leaders
1185 2194 180 60 were
1432 2181 241 73 called:
1743 2181 331 73 Thurman
2146 2181 160 73 Nail,
2379 2182 154 72 47b,
2607 2184 108 70 61;
2788 2182 199 72 Essie

172 2274 255 73 Calvert,
493 2278 108 70 48,
669 2278 157 70 378;
889 2278 232 70 Jethro
1188 2278 258 72 Collett,
1513 2281 157 70 208;
1740 2280 145 72 Lisa
1950 2281 309 70 Gilmore,
2326 2283 154 70 383,
2554 2283 148 70 183;
2767 2281 217 72 Aaron

174 2373 247 73 Keeton,
484 2377 145 70 182,
688 2379 156 70 282;
906 2377 180 72 Ethel
1144 2379 321 72 Childers,
1530 2382 312 69 172,200;
1899 2379 156 72 Tom
2113 2379 265 78 Harper,
2437 2382 318 75 434,436;
2814 2380 172 76 Elsie

174 2473 447 79 Beasley,336,
694 2479 150 73 192.

174 2572 270 64 RECESS.

327 2673 130 61 The
496 2676 180 60 class
720 2677 454 60 reassembled
1219 2677 250 78 singing
1513 2694 208 61 songs
1764 2694 84 61 on
1890 2692 214 63 pages
2151 2679 121 76 135
2316 2674 124 81 and
2490 2679 142 76 137.
2679 2677 306 78 Leaders:

169 2770 114 60 Ora
327 2772 121 60 Lee
499 2773 261 72 Fannin,
811 2778 150 69 389,
1012 2778 154 69 376;
1218 2776 153 70 Dick
1419 2776 154 70 Nail,
1624 2778 105 69 30,
1779 2778 106 69 32;
1939 2775 147 72 Mae
2134 2775 336 73 Seymour,
2521 2776 151 72 313,
2721 2776 153 72 460;
2925 2775 57 73 L.

172 2866 57 61 H.
277 2871 118 60 and
448 2871 240 61 Estelle
738 2872 301 72 Gilmore,
1092 2875 151 69 403,
1297 2875 153 69 203;
1501 2872 390 72 Cassandra
1941 2871 282 73 Franklin
2274 2871 127 73 and
2448 2871 210 73 Justin
2713 2871 268 73 Keeton,

174 2968 291 73 124,153;
529 2971 195 70 Josie
795 2971 208 76 Hyde,
1074 2974 156 73 477,
1300 2974 160 73 224;
1531 2971 178 76 Buell
1779 2970 211 78 Cobb,
2067 2971 150 76 141;
2287 2968 141 79 Bob
2496 2968 270 79 Fannin,
2835 2971 157 76 211;

168 3063 324 66 Willodean
544 3069 253 73 Barton,
855 3073 147 69 145,
1051 3072 154 70 391;
1252 3070 295 72 Jennifer
1591 3069 270 73 Keeton,
1912 3067 195 75 275b.

171 3162 271 66 RECESS.

334 3265 265 61 Preston
645 3267 220 61 Crider
907 3267 271 78 brought
1221 3267 111 78 the
1372 3267 181 78 class
1594 3264 297 81 together
1933 3262 250 82 leading
2227 3277 210 67 songs
2481 3277 82 67 on
2608 3277 214 67 pages
2862 3264 130 81 377

169 3361 108 60 and
331 3366 145 58 522.
535 3364 316 61 Leaders:
903 3366 124 60 Jim
1086 3366 279 69 Carnes,
1422 3366 313 69 430,215;
1792 3363 322 75 Margaret
2169 3358 271 79 Keeton,
2497 3360 151 78 298;
2707 3358 163 79 Unia
2923 3360 64 78 B.

169 3456 268 78 Howard,
499 3465 145 70 101,
700 3466 154 69 384;
912 3463 256 72 Connie
1224 3460 313 75 Karduck,
1590 3462 153 73 299,
1798 3460 106 75 82;
1962 3457 202 78 Kathy
2220 3454 357 81 Robinson,
2637 3457 147 78 146,
2845 3457 145 78 142;

169 3556 156 64 Ervin
376 3562 208 73 Creel,
639 3565 151 70 569,
843 3565 154 70 490.
1050 3562 75 73 At
1171 3561 126 75 this
1347 3561 151 75 time
1551 3558 162 78 Lucy
1765 3556 277 79 Heidorn
2094 3553 285 82 thanked
2427 3568 198 67 every
2676 3570 127 66 one
2853 3555 133 81 that

168 3655 214 82 helped
442 3663 54 75 in
555 3679 127 61 any
736 3679 144 61 way
937 3663 55 78 in
1053 3660 280 81 building
1390 3660 109 81 the
1560 3657 141 84 nice
1756 3654 363 87 fellowship
2176 3652 121 88 hall
2353 3658 154 82 onto
2562 3652 109 88 the
2727 3654 262 87 church.

166 3756 273 69 Harrison
487 3763 187 61 Creel
724 3763 100 61 led
870 3763 154 61 348.

165 3856 372 69 DISMISSED
561 3865 154 60 FOR
738 3862 268 63 LUNCH.

295 3961 129 63 The
462 3964 334 61 afternoon
832 3960 268 66 session
1141 3955 301 70 resumed
1479 3954 138 72 with
1651 3952 127 73 Tim
1816 3951 271 75 Gilmore
2127 3949 246 78 leading
2410 3966 207 61 songs
2653 3966 81 61 on
2772 3967 211 63 pages

160 4059 112 63 328
321 4065 127 61 and
501 4066 153 60 517.
712 4060 313 66 Leaders:
1084 4056 240 70 Robert
1372 4051 318 76 Aldridge,
1743 4051 312 76 371,316;
2103 4048 174 79 John
2331 4048 247 79 Hocutt,
2634 4051 150 76 270,
2836 4054 153 73 321;

162 4156 153 67 Nora
372 4164 259 72 Collett,
697 4162 159 73 283;
924 4155 177 81 Buck
1162 4153 238 82 Aaron,
1465 4152 108 84 47,
1635 4150 111 85 48;
1810 4147 195 88 Floyd
2067 4146 286 90 Screws,
2415 4149 109 87 32,
2593 4150 150 85 100;
2808 4149 174 87 Elsie

160 4257 196 79 Moon,
421 4267 157 69 395,
645 4263 160 73 202;
871 4257 193 79 Ester
1122 4251 180 85 Wall,
1369 4251 108 85 68;
1543 4248 183 88 Larry
1791 4246 339 90 Ballinger,
2193 4248 156 88 481;
2413 4246 178 90 Cecil
2655 4248 324 88 Sanders,

157 4360 130 73 512;
339 4363 204 76 Murry
591 4362 358 78 Simmons,
1003 4353 105 87 67;
1162 4348 312 91 Kathleen
1527 4344 289 96 Robbins
1864 4344 126 96 and
2038 4344 375 96 daughters,
2467 4345 234 94 Sherry
2745 4347 240 93 Turner

156 4461 111 60 and
319 4464 207 75 Kathy
582 4456 367 82 Robinson,
1011 4450 145 88 143,
1221 4449 147 90 155;
1425 4443 178 96 Edith
1656 4441 160 97 Tate
1869 4441 127 97 and
2050 4441 379 97 daughters,
2487 4443 129 96 Fay
2671 4444 315 94 Kalteurx,

154 4554 244 70 Suenell
448 4560 147 64 Ellis
640 4552 130 72 and
820 4548 156 76 Edie
1021 4545 177 79 Tate,
1246 4545 105 79 45,
1405 4543 145 81 159;
1600 4539 204 85 Lucile
1848 4539 249 85 Tolbert
2140 4539 126 85 and
2311 4555 121 69 son
2481 4540 183 84 Doug
2709 4543 268 81 Tolbert,

150 4657 133 64 269-
328 4660 201 63 Marie
573 4650 300 76 Aldridge
916 4644 129 82 and
1089 4642 319 84 daughter
1449 4641 163 85 Lucy
1657 4638 294 88 Heidorn,
1995 4641 148 85 304,
2191 4641 105 85 84;
2343 4639 262 87 Pauline
2649 4642 289 84 Childers

1513 4740 120 58 157
