3150 4950
184 202 153 73 439;
397 207 130 69 Kim
586 211 228 79 Cagle,
879 217 145 73 100;
1087 216 183 78 Hugh
1330 216 315 78 McGraw,
1704 216 151 78 254;
1918 210 199 84 Marie
2176 204 288 90 Guthrie,
2524 199 157 94 430;
2743 192 246 102 Lurleen

187 300 231 78 Heath,
481 309 153 73 215;
697 310 279 72 Charles
1038 313 210 73 Creel,
1312 316 108 70 98;
1482 315 225 76 Agnes
1770 310 226 81 Farris,
2059 307 157 84 378;
2283 303 67 88 B.
2418 298 79 93 M.
2562 291 229 100 Smith,
2853 295 133 96 441;

187 399 190 66 Merle
423 405 265 76 Mixson,
733 414 105 69 58;
885 412 193 70 Hazel
1122 414 223 78 Cagle,
1389 415 150 76 436;
1582 412 210 79 Verna
1831 408 315 84 Williams,
2199 403 147 88 146;
2392 399 64 93 S.
2502 396 66 96 T.
2653 393 201 99 Reed,
2896 397 88 94 64;

184 498 267 66 Victoria
495 507 195 76 Aplin,
738 511 150 72 274;
936 511 264 72 Shelbie
1246 511 363 76 Sheppard,
1663 511 144 76 183;
1851 507 58 81 J.
1960 505 70 82 C.
2083 499 282 88 Harden,
2415 498 105 90 36.
2566 492 219 96 Judge
2830 493 151 94 Ross

187 597 96 61 led
327 601 106 61 the
475 604 244 79 closing
760 624 166 63 song
972 625 82 61 on
1096 625 172 61 page
1309 612 147 75 531.
1501 609 153 78 Tom
1698 607 199 79 Owen
1941 597 355 90 dismissed
2340 595 109 91 the
2494 591 169 96 night
2739 595 241 91 session

181 697 141 60 with
424 717 247 61 prayer.

1183 804 336 70 SUNDAY,
1546 799 321 75 AUGUST
1897 801 94 73 13.

348 895 130 61 The
517 898 265 76 Sunday
822 901 277 76 morning
1138 901 262 76 session
1437 916 139 61 was
1614 897 204 81 called
1852 903 64 75 to
1956 894 187 84 order
2178 891 81 87 by
2293 889 217 88 Judge
2550 888 174 90 Ross
2763 888 217 90 leading

183 1005 169 64 song
405 1009 82 60 on
541 1011 172 63 page
766 997 150 76 31b.
973 999 202 75 Bruce
1230 999 252 75 Coates
1534 997 99 76 led
1686 996 109 78 the
1848 991 288 82 morning
2191 1003 249 70 prayer.
2497 985 283 88 Leaders
2826 1005 148 69 were

183 1089 229 61 called:
456 1092 235 60 James
738 1095 337 70 Cranfield,
1129 1096 57 70 ?;
1237 1096 166 73 Gary
1455 1096 247 75 Rogan,
1752 1093 150 78 383;
1953 1087 201 84 Hazel
2199 1087 216 84 Jones
2463 1086 127 85 and
2637 1086 160 85 girls,
2842 1090 129 81 388;

186 1183 132 61 Eva
363 1188 291 76 Padgett,
703 1192 148 72 224;
903 1191 76 73 M.
1032 1192 67 72 H.
1150 1192 205 72 Creel,
1404 1194 150 70 467;
1605 1189 144 75 Myrl
1791 1189 232 75 Jones,
2079 1186 148 78 189;
2280 1183 171 81 lletta
2491 1183 195 81 Alpin,
2733 1186 139 78 470;
2916 1188 52 76 B.

186 1281 64 60 E.
309 1284 126 58 and
490 1285 280 75 Ophelia
825 1287 361 73 Matthews,
1242 1291 151 69 522;
1447 1287 276 73 Vernice
1777 1285 274 75 Calvert,
2109 1284 156 76 330;
2323 1281 192 79 Louie
2571 1281 216 79 Smith,
2838 1287 132 73 298;

186 1377 192 61 Kevin
430 1381 250 70 Powell,
732 1384 151 69 536;
933 1384 247 73 Gaylon
1231 1384 252 73 Powell,
1531 1387 153 70 450;
1737 1380 291 78 Michelle
2077 1378 127 79 and
2250 1378 261 79 Joshua
2560 1378 238 79 Rogan,
2847 1384 126 73 572;

186 1474 175 63 Edith
415 1477 180 72 Tate,
649 1482 153 67 491;
852 1480 174 69 John
1080 1482 361 76 Etheridge,
1498 1485 153 73 505;
1705 1479 210 79 Sarah
1972 1477 249 81 Bryant,
2277 1479 108 79 31;
2440 1476 169 82 Leon
2665 1477 298 81 Ballinger,

181 1575 154 69 312;
397 1575 198 69 Marie
651 1576 318 78 Aldridge,
1033 1581 147 73 193;
1236 1579 237 75 James
1527 1579 235 75 Jones,
1825 1579 106 75 63;
1992 1575 223 79 Flarce
2272 1575 210 79 Creel,
2541 1576 195 78 440b;
2788 1578 177 76 Abbie

186 1671 238 72 Morris,
477 1675 108 69 40;
636 1674 210 70 Curtis
895 1675 223 70 Owen,
1171 1678 151 69 442;
1375 1678 144 69 A.A.
1575 1675 219 72 Smith,
1845 1675 111 72 Jr.,
2011 1675 103 72 67;
2170 1672 192 75 Essie
2413 1674 265 73 Calvert,
2731 1677 97 70 72.

186 1768 295 61 RECESS.

403 1867 136 60 The
588 1869 330 61 chairman
969 1870 207 60 called
1227 1872 108 60 the
1384 1873 181 58 class
1615 1872 298 78 together
1965 1870 253 79 leading
2271 1887 166 63 song
2490 1887 81 63 on
2622 1888 166 61 page
2839 1876 121 73 135.

183 1965 345 78 Chapman
582 1966 225 76 Hanks
856 1969 151 73 274;
1057 1969 294 73 Jennifer
1401 1971 250 78 Rogan,
1713 1972 145 76 196;
1911 1969 270 79 Arnevis
2233 1969 255 79 Norton,
2542 1972 148 76 324;
2743 1972 219 76 Helene

186 2062 226 73 Beard,
463 2067 153 69 201;
666 2065 204 70 Runie
919 2067 250 72 Glover,
1221 2070 150 69 376;
1423 2068 202 70 Bruce
1674 2070 268 70 Coates,
1993 2068 195 72 488b;
2238 2068 259 76 Tammy
2545 2070 241 75 Powell,
2832 2073 129 72 222;

181 2161 297 60 Amanda
523 2164 225 69 Owen,
804 2167 147 67 171;
1003 2166 180 69 Doris
1233 2167 240 69 Hanks,
1524 2167 196 70 422b;
1770 2167 267 70 Lawson
2088 2167 219 70 Smith,
2364 2169 186 70 108b;
2596 2169 124 70 Jeb
2761 2170 196 70 Owen,

187 2262 144 67 168;
385 2260 262 75 Beverly
694 2262 270 73 Coates,
1018 2265 147 70 155;
1213 2265 207 70 Sarah
1470 2265 268 70 Coates,
1788 2266 148 69 36b;
1989 2266 172 69 Edith
2209 2266 222 70 Owen,
2485 2269 142 67 120;
2677 2268 286 69 Elizabeth

184 2356 253 78 Rogan,
498 2361 108 73 47;
660 2359 175 75 Joan
892 2359 225 75 Smith,
1182 2364 145 70 127;
1384 2362 157 72 Tom
1597 2362 226 72 Owen,
1882 2364 151 70 47b;
2095 2364 171 75 Kelly
2325 2364 226 75 Beard,
2608 2367 105 72 82;
2769 2365 189 73 Myran

184 2454 276 72 Palmer,
520 2458 156 69 497;
739 2457 238 70 Leland
1036 2458 229 70 Owen,
1327 2461 153 69 283;
1545 2460 189 70 Dana
1792 2461 247 70 Merritt,
2103 2464 153 67 358;
2319 2461 159 70 Kate
2538 2463 238 69 Merritt,
2835 2464 127 67 422;

178 2553 214 75 Jayne
447 2554 349 76 McKnight,
850 2557 108 73 44;
1009 2557 243 73 Azalee
1305 2557 274 73 Barnett,
1632 2560 151 70 384;
1833 2559 64 72 T.
1951 2559 70 72 H.
2076 2559 195 72 Ross,
2326 2562 105 69 90;
2478 2560 57 70 J.
2587 2560 69 70 C.
2710 2559 243 72 Harden,

180 2652 151 58 277.
387 2650 136 60 The
579 2652 328 60 Memorial
960 2655 253 58 service
1264 2671 139 42 was
1459 2656 144 58 held
1657 2656 79 73 by
1788 2656 108 73 the
1951 2656 324 73 Memorial
2329 2658 397 72 Committee.
2821 2656 133 73 Sam

181 2748 183 78 Craig
402 2749 205 76 called
643 2749 109 76 the
792 2766 229 60 names
1060 2752 64 73 of
1156 2752 189 73 those
1380 2752 142 73 who
1561 2754 121 72 had
1723 2754 246 76 passed
2008 2770 178 60 away
2226 2754 54 76 in
2317 2755 103 75 the
2460 2760 142 70 past
2635 2769 162 61 year:
2835 2752 126 78 Lillie

183 2845 262 61 Russell
502 2847 180 72 Tate,
745 2848 211 76 Hardy
1014 2850 127 75 Hill,
1200 2851 151 73 Otto
1408 2851 222 73 Smith,
1689 2851 214 73 Oliver
1953 2851 243 75 Ashby,
2259 2853 123 73 Lou
2442 2853 130 73 Dell
2631 2851 124 75 Hill;
2806 2850 147 76 Alvin

183 2944 214 72 Davis,
445 2946 180 76 Jerry
675 2946 240 76 Brown,
967 2947 238 76 Dewey
1255 2949 325 75 Faulkner,
1630 2950 166 73 Vera
1845 2950 202 73 Nunn,
2100 2950 178 75 Ruby
2326 2950 250 75 Conwill
2625 2950 120 75 and
2790 2947 171 78 Annie

183 3043 256 78 Harper.
484 3045 157 76 Sam
684 3046 184 76 Craig
910 3046 148 76 then
1104 3046 96 76 led
1242 3063 165 61 song
1450 3064 81 60 on
1573 3064 171 61 page
1789 3051 141 75 145.
1977 3049 168 76 Mary
2187 3049 183 76 Craig
2410 3064 166 63 gave
2616 3049 102 78 the
2755 3046 199 81 eulogy

183 3142 301 78 honoring
525 3144 108 76 the
670 3144 360 76 deceased.
1075 3145 232 75 Marion
1351 3147 195 73 Grant
1585 3147 97 73 led
1722 3147 106 73 the
1866 3163 166 61 song
2074 3148 165 76 "Soft
2280 3148 244 76 Music",
2568 3147 120 78 and
2727 3144 226 81 Stanley

180 3241 199 60 Smith
426 3241 229 60 closed
702 3243 108 58 the
859 3243 319 60 memorial
1225 3244 138 60 with
1411 3261 243 60 prayer.

181 3340 394 60 DISMISSED
600 3340 150 60 FOR
772 3342 261 60 LUNCH.

337 3438 133 61 The
510 3439 328 60 afternoon
876 3439 264 60 session
1180 3442 298 58 resumed
1515 3442 136 60 with
1689 3442 106 60 the
1830 3442 319 60 chairman
2191 3444 246 76 leading
2508 3459 160 61 song
2706 3457 78 63 on
2818 3453 141 67 page

177 3538 151 57 478.
396 3535 315 61 Leaders:
775 3537 219 75 Myrtle
1053 3538 331 73 Traweek,
1453 3541 147 70 172;
1665 3540 181 73 Ruby
1908 3540 244 73 Morris,
2215 3543 156 70 270;
2436 3541 261 72 Lurleen
2758 3535 198 78 Heath,

177 3636 156 67 506;
396 3633 177 70 John
640 3634 246 70 Morris,
960 3637 148 67 106;
1177 3636 244 69 Emmie
1489 3636 243 70 Morris,
1798 3639 156 67 332;
2019 3636 66 70 T.
2155 3637 72 69 H.
2298 3639 199 70 Ross,
2565 3640 150 69 444;
2781 3633 172 76 Lewis

175 3730 295 76 Vaughn,
528 3732 151 75 521;
735 3732 178 75 Ryan
970 3732 195 75 Ross,
1225 3735 147 72 110;
1426 3733 265 73 Herbert
1744 3732 307 76 Leopard,
2107 3736 154 72 290;
2319 3736 258 72 Monnie
2628 3736 186 72 Ross,
2860 3730 90 78 Jr.,

174 3831 106 69 35;
325 3829 202 70 Owen
577 3829 193 70 Ross,
820 3831 150 69 280;
1015 3829 169 70 Alcie
1230 3831 205 76 Craig,
1483 3832 105 75 47;
1636 3829 193 78 Hazel
1876 3829 222 78 Cagle,
2146 3834 154 73 365;
2349 3834 201 73 Diane
2596 3835 187 72 Ross,
2833 3831 118 76 149;

177 3927 253 60 Brenda
478 3927 247 70 Chafin,
781 3930 147 69 182;
976 3928 175 70 Viola
1201 3928 247 70 Barker,
1506 3930 142 69 171;
1695 3927 132 72 Jeff
1869 3927 366 78 Sheppard,
2284 3936 153 69 507;
2490 3934 100 70 Bill
2635 3933 186 78 Aplin,
2868 3928 85 82 92;

171 4024 174 60 John
414 4026 372 76 Etheridge,
850 4027 156 75 434;
1068 4026 267 76 Tommy
1398 4024 334 78 Spurlock,
1804 4026 147 76 146;
2020 4026 64 76 B.
2155 4027 79 75 M.
2302 4030 228 73 Smith,
2596 4035 151 69 449;
2806 4026 147 78 John

175 4122 246 70 Merritt,
481 4125 147 69 163;
682 4123 264 70 Shelbie
999 4123 361 75 Sheppard,
1416 4125 148 73 404.
1617 4122 133 76 The
1803 4122 378 76 Placement
2233 4126 364 72 Commitee
2647 4122 312 76 submitted

172 4219 156 60 their
378 4221 594 60 recommendation
1021 4221 132 60 that
1198 4221 108 60 the
1360 4219 192 61 122rd
1602 4218 246 63 Sacred
1900 4218 169 79 Harp
2116 4221 265 82 Singing
2475 4228 394 75 Convention
2913 4222 42 81 in

177 4320 168 57 1990
424 4318 81 58 be
550 4318 144 60 held
738 4318 54 60 in
834 4318 106 60 the
984 4317 394 75 Community
1419 4317 237 75 Center
1696 4315 274 78 Building
2014 4324 61 69 at
2119 4318 405 79 Henderson,
2571 4327 229 70 Texas.
2841 4320 121 78 This

168 4431 141 43 was
369 4416 351 76 accepted.
784 4416 199 76 David
1047 4416 355 76 Rousseau
1461 4413 231 79 closed
1752 4413 109 79 the
1924 4416 192 76 121st
2175 4417 255 75 Sacred
2493 4425 174 79 Harp
2725 4422 235 82 Singing

171 4513 405 60 Convention
625 4513 141 60 with
819 4528 243 61 prayer.

169 4611 360 69 Chairman,
571 4611 214 75 Judge
831 4609 243 76 Donald
1119 4609 195 76 Ross;
1356 4608 168 78 Alcie
1566 4608 204 78 Craig,
1816 4608 355 78 Secretary.

1518 4705 118 58 122
