3150 4950
142 133 124 73 Hill,
310 133 238 73 James
634 136 202 70 Smith
883 139 129 67 and
1060 139 258 67 Flanoid
1362 142 273 64 Jowers.
1723 142 96 64 He
1864 142 142 64 also
2052 141 100 66 led
2197 156 168 61 song
2413 156 81 61 on
2542 154 172 63 page
2760 139 130 78 403
2937 136 54 81 in

141 234 156 61 their
346 250 309 61 memory.
709 235 174 76 Leon
937 238 334 78 Ballinger,
1324 241 106 75 87;
1482 241 265 76 George
1792 240 214 78 Jones
2058 240 100 78 led
2206 241 133 76 337
2388 238 94 79 for
2527 238 109 79 the
2685 237 139 81 sick
2872 235 126 82 and

142 333 300 63 shut-ins.
492 333 213 63 Curtis
747 336 208 61 Owen
1041 337 360 60 dismissed
1443 339 142 60 with
1632 354 246 61 prayer.

148 432 393 63 DISMISSED
565 433 154 61 FOR
742 435 265 61 LUNCH.

286 532 133 60 The
456 532 333 61 afternoon
822 535 267 60 session
1122 550 139 45 was
1296 537 300 58 resumed
1627 535 138 60 with
1801 535 153 60 Tom
1987 535 201 60 Owen
2227 534 247 78 leading
2509 549 166 63 song
2713 549 81 63 on
2829 547 171 64 page

148 634 144 58 318.
342 631 307 61 Leaders:
694 631 217 61 Vivian
958 633 252 78 Rogan,
1260 636 102 75 69;
1407 634 202 76 Owen
1659 634 193 76 Ross,
1899 636 151 75 216;
2100 633 142 78 Myrl
2284 633 234 78 Jones,
2563 633 153 78 332;
2758 631 234 79 James

151 730 273 72 Cranfill,
490 732 151 70 139;
702 730 286 78 Ophelia
1048 732 367 76 Matthews,
1483 735 148 73 101;
1689 732 175 76 John
1927 732 295 76 Hanson,
2286 733 108 75 63;
2452 730 219 78 Verna
2731 729 258 79 Powell,

151 832 153 70 406;
372 829 180 76 Myra
618 829 282 76 Palmer,
967 834 157 72 522;
1192 831 214 75 Sarah
1477 831 256 75 Bryant,
1803 834 156 72 451;
2028 831 183 75 Edith
2277 831 231 75 Owen,
2583 831 151 75 120;
2803 828 189 78 Doris

154 930 240 72 Hanks,
451 931 156 70 515;
663 930 210 72 Nobie
925 930 228 73 Smith,
1209 933 157 70 521;
1419 931 252 72 Martha
1723 931 345 78 Notgrass,
2121 933 112 76 40;
2289 930 202 79 Hazel
2542 930 238 79 Jones,
2835 930 157 79 475;

156 1030 210 63 Curtis
429 1030 234 73 Owen,
730 1032 204 72 278b;
1002 1032 256 76 Gladys
1326 1032 301 76 Hanson,
1695 1033 156 75 573;
1918 1032 277 76 Lawson
2263 1030 229 78 Smith,
2560 1032 157 76 449;
2788 1027 205 81 Lewis

156 1132 292 78 Vaughn,
508 1134 156 76 506;
727 1132 192 78 Floyd
981 1132 285 78 Screws,
1327 1134 154 76 297;
1542 1132 190 78 Louis
1791 1132 225 78 Smith,
2082 1134 148 76 189;
2292 1131 138 79 Burl
2493 1129 285 81 Russell,
2838 1131 154 79 491;

159 1231 165 78 Gary
382 1231 255 79 Rogan,
694 1233 156 78 205;
910 1231 141 79 Don
1111 1231 199 79 Ross,
1375 1234 147 76 195;
1576 1231 228 79 Junior
1857 1231 225 79 Smith,
2142 1233 106 78 74;
2302 1230 172 81 John
2536 1228 244 82 Morris,
2838 1230 154 81 428;

157 1332 171 61 Alcie
390 1332 214 78 Craig,
667 1333 156 76 379;
883 1332 226 78 Vivian
1174 1332 255 78 Rogan,
1492 1333 201 76 283b;
1758 1332 147 78 Myrl
1963 1332 238 78 Jones,
2265 1333 154 76 270;
2485 1330 177 79 Myra
2724 1329 274 81 Palmer,

159 1432 142 58 497.
340 1431 63 60 B.
444 1429 64 61 E.
549 1431 324 60 Mattherw
906 1431 99 60 led
1041 1447 166 61 song
1245 1447 81 61 on
1360 1447 171 61 page
1566 1432 174 76 558b
1773 1447 78 61 as
1884 1431 106 78 the
2025 1431 240 78 closing
2301 1446 186 63 song.
2521 1429 169 79 John
2730 1428 262 81 Hanson

157 1530 352 61 dismissed
556 1530 112 61 the
711 1530 184 61 class
939 1530 144 61 with
1131 1546 244 61 prayer.

162 1629 364 70 Chairman,
586 1629 66 70 B.
714 1629 64 70 E.
840 1629 370 70 Matthews;
1263 1629 156 70 Vice
1474 1630 369 69 Chairman,
1899 1629 157 70 Tom
2112 1629 228 70 Owen;
2397 1627 369 73 Secretary,
2820 1626 172 75 John

165 1726 225 60 Baker.

354 1830 228 78 NEW
609 1828 477 81 ORLEANS
1120 1828 408 81 BAPTIST
1552 1828 708 81 THEOLOGICAL
2287 1827 517 82 SEMINARY

1174 1957 153 60 New
1350 1956 286 72 Orleans,
1668 1956 330 72 Louisiana

1371 2055 141 75 May
1536 2058 58 72 2,
1629 2058 163 72 1989

364 2154 133 61 The
546 2154 240 61 annual
832 2154 253 61 Sacred
1137 2154 169 78 Harp
1351 2154 264 78 Singing
1665 2160 64 72 at
1776 2154 157 78 New
1972 2152 283 79 Orleans
2304 2151 244 81 Baptist
2592 2148 411 84 Theological

166 2253 327 76 Seminary
531 2269 141 60 was
714 2254 142 75 held
903 2254 144 75 May
1086 2256 60 73 2,
1195 2256 165 73 1989
1402 2269 81 60 on
1524 2253 108 76 the
1671 2251 268 78 exterior
1977 2251 268 78 balcony
2287 2250 64 79 of
2388 2250 105 79 the
2538 2250 63 79 E.
2643 2248 76 81 O.
2764 2247 240 82 Sellers

169 2353 196 60 Music
411 2352 303 79 Building.
760 2352 135 79 The
940 2359 195 72 event
1179 2352 217 79 began
1438 2352 138 79 with
1624 2368 40 63 a
1704 2350 282 81 covered
2031 2349 142 82 dish
2217 2349 222 82 dinner
2481 2347 234 84 served
2763 2362 79 69 on
2889 2346 106 85 the

168 2452 184 78 patio.
402 2454 135 76 The
583 2452 255 79 singing
885 2469 141 63 was
1072 2452 208 79 called
1329 2458 63 73 to
1440 2452 187 79 order
1671 2451 79 81 by
1800 2451 132 81 Ken
1981 2449 361 82 Gabrielse,
2397 2448 337 84 President
2781 2446 64 85 of
2889 2446 106 85 the

169 2553 148 60 New
358 2553 279 61 Orleans
681 2553 286 78 Chapter
1009 2553 64 78 of
1114 2551 106 79 the
1269 2551 196 79 Hymn
1512 2551 259 79 Society
1815 2550 63 81 of
1918 2548 309 82 America,
2271 2547 145 84 who
2461 2547 99 84 led
2604 2547 108 84 the
2754 2545 249 85 singing

168 2652 61 60 of
268 2668 166 61 song
483 2668 81 61 on
612 2668 174 61 page
829 2653 105 76 49.
985 2652 235 78 Prayer
1260 2667 139 63 was
1446 2650 99 79 led
1588 2650 81 79 by
1716 2649 327 81 Benjamin
2089 2647 250 82 Harlan.
2386 2646 133 84 The
2565 2644 249 85 singing
2857 2659 139 70 was

166 2751 355 78 organized
579 2751 99 78 for
730 2751 112 78 the
900 2749 289 79 evening
1248 2749 82 79 by
1384 2748 285 81 electing
1725 2748 114 81 the
1896 2745 316 84 following
2271 2745 291 84 officers:
2622 2742 372 87 Chairman,

169 2848 280 60 Charles
522 2850 199 69 Little;
795 2848 382 73 Secretary,
1254 2847 219 75 Becky
1545 2845 343 76 Lombard.
1965 2844 295 78 Leaders
2326 2857 178 64 were
2575 2856 81 66 as
2724 2839 280 82 follows:

169 2946 274 60 Charles
507 2946 195 70 Little,
768 2947 106 69 72;
940 2944 195 75 Harry
1200 2944 255 75 Eskew,
1518 2944 105 75 40,
1693 2944 147 75 114;
1906 2940 205 79 Ralph
2176 2938 202 81 Price,
2448 2940 148 79 145;
2661 2935 334 84 Benjamin

171 3043 247 73 Harlan,
472 3048 108 69 63;
633 3045 144 72 Carl
828 3043 366 73 Setterlind,
1254 3043 147 73 159;
1455 3040 187 76 Darla
1692 3039 289 78 Rushing
2035 3037 300 79 Durham,
2388 3036 150 81 28b,
2592 3034 151 82 38b;
2799 3034 199 82 Lewis

166 3142 264 70 Oswalt,
496 3145 148 67 146,
705 3145 156 67 314;
924 3141 219 75 Becky
1203 3139 336 76 Lombard,
1599 3141 154 75 236;
1813 3136 187 79 Chris
2056 3135 205 81 Vieth,
2328 3136 148 79 128;
2538 3133 127 82 Lee
2727 3132 267 84 Hinson,

169 3241 144 70 73b;
358 3241 220 75 Nancy
619 3241 136 75 Van
804 3240 138 76 Den
984 3238 222 78 Akker,
1252 3237 150 79 39b;
1450 3235 231 81 Robert
1725 3234 171 82 Bain,
1941 3235 106 81 28;
2092 3232 124 84 Lee
2260 3231 285 85 Bradley,
2592 3232 105 84 72;
2737 3229 261 87 Tammy

171 3337 190 73 Little,
430 3342 112 70 85;
612 3339 211 73 Steve
888 3337 283 75 Brewer,
1240 3337 112 75 45;
1420 3334 253 78 Martha
1740 3331 219 81 Hicks,
2026 3333 111 79 59;
2206 3328 258 87 Debbi^
2532 3328 252 87 Moore,
2856 3328 148 87 127.

171 3438 270 61 Charles
495 3439 169 60 Little
718 3438 102 61 led
873 3438 109 61 the
1033 3436 262 76 singers
1350 3435 54 78 in
1456 3433 108 79 the
1614 3432 249 81 closing
1921 3430 207 82 hymn,
2185 3432 82 81 62
2322 3429 126 84 and
2505 3427 201 85 Lewis
2755 3426 246 87 Oswalt

169 3538 349 61 dismissed
565 3538 142 61 with
757 3553 244 63 prayer.
1051 3535 136 81 The
1236 3534 250 82 singing
1531 3549 138 67 was
1714 3531 135 85 well
1899 3529 307 87 attended
2253 3528 142 88 with
2443 3526 256 90 singers
2746 3525 252 91 coming

169 3637 148 61 from
361 3639 108 60 the
511 3645 256 73 greater
811 3637 156 81 New
1006 3634 279 84 Orleans
1329 3648 172 70 area.

171 3738 360 73 Chairman,
585 3738 277 73 Charles
912 3736 192 75 Little;
1155 3735 363 76 Secretary,
1572 3730 213 81 Becky
1836 3727 331 84 Lombard.

579 3841 243 84 ZION
861 3837 270 88 REST
1164 3835 498 90 PRIMITIVE
1698 3829 423 96 BAPTIST
2151 3828 432 97 CHURCH

1297 3966 252 76 Jasper,
1578 3963 306 79 Alabama

1378 4065 139 75 May
1545 4065 57 75 6,
1636 4063 163 76 1989

316 4173 135 60 The
490 4170 232 63 annual
765 4167 322 66 Memorial
1126 4164 244 69 Sacred
1413 4162 165 76 Harp
1614 4159 258 79 Singing
1908 4159 94 79 for
2037 4158 267 81 Earnest
2341 4156 201 82 Nunn,
2586 4155 181 84 Elder
2803 4155 202 84 Elmer

168 4270 295 61 Kitchens
499 4270 126 61 and
697 4269 160 63 Ruth
897 4267 70 64 D.
1011 4263 301 69 Edwards
1381 4267 60 64 at
1476 4261 148 70 Zion
1666 4260 156 72 Rest
1858 4255 247 76 Church
2175 4272 79 60 on
2293 4254 312 78 Saturday
2641 4254 219 78 before
2896 4254 105 78 the

163 4369 126 61 first
330 4371 273 75 Sunday
649 4369 52 76 in
751 4368 145 78 May
939 4380 141 66 was
1123 4362 207 84 called
1374 4368 64 78 to
1482 4360 186 85 order
1710 4357 78 88 by
1836 4356 267 90 Preston
2149 4354 217 91 Crider
2409 4353 252 93 leading
2706 4369 166 76 song
2920 4369 81 76 on

163 4485 169 64 page
372 4473 106 76 39.
522 4470 136 79 The
703 4465 283 84 morning
1030 4477 228 72 prayer
1293 4476 141 73 was
1477 4458 97 91 led
1620 4458 79 91 by
1741 4456 234 93 Rupert
2016 4453 388 96 Yarbrough.
2488 4452 265 97 Preston
2800 4452 214 97 Crider

162 4569 148 63 then
360 4570 103 61 led
508 4584 217 63 songs
774 4582 84 64 on
906 4579 219 67 pages
1170 4563 88 84 43
1305 4558 129 88 and
1479 4560 108 87 42.
1636 4557 135 90 The
1816 4555 184 91 class
2046 4552 351 94 organized
2445 4552 81 94 by
2571 4551 276 96 electing
2896 4552 108 94 the

160 4669 306 79 following
513 4669 282 79 officers:
877 4663 367 85 Chairman,
1330 4660 268 88 Preston
1680 4656 237 93 Crider;
1995 4653 153 96 Vice
2229 4653 360 96 Chairman,
2638 4651 156 97 Furn

1533 4759 84 58 57
