3150 4948
1303 252 552 76 SEPTEMBER,
1890 250 183 78 1990

411 367 153 61 First
586 400 21 28 -
634 367 163 61 Little
822 369 157 60 Vine
1005 369 295 60 Primitive
1329 369 235 76 Baptist
1587 364 246 81 Church
1860 396 21 49 -
1905 366 40 79 3
1974 360 175 85 miles
2172 361 148 84 east
2343 355 67 90 of
2431 354 286 91 Bremen,

264 466 291 79 Georgia.

415 567 150 61 First
589 600 21 28 -
637 565 187 63 Clear
849 567 208 61 Creek
1078 567 178 61 West
1282 598 21 30 -
1327 565 291 63 Johnson
1647 561 229 67 School
1906 559 238 69 House,
2175 555 255 75 Fayette
2455 552 262 78 County,

268 669 322 70 Alabama,
619 682 82 57 on
729 666 150 78 Hwy
904 667 102 76 44.
1035 666 117 78 Old
1180 666 256 78 Fayette
1464 664 199 79 Road.

421 768 148 61 First
592 766 129 63 and
745 766 315 75 Saturday
1083 765 220 76 before
1329 798 22 43 -
1372 763 151 78 85th
1548 760 273 81 Session
1848 792 21 49 -
1894 756 301 85 Mulberry
2220 753 181 88 River
2424 745 388 96 Convention

274 904 21 10 -
321 870 228 75 Liberty
576 865 295 79 Primitive
901 865 235 79 Baptist
1162 862 244 82 Church
1437 858 432 87 (McCormick)
1897 891 21 54 -
1966 858 39 87 2
2035 856 100 88 1/2
2163 852 177 93 miles
2364 847 349 97 southwest

277 970 61 61 of
361 969 300 69 Sumiton,
691 966 324 72 Alabama,
1047 964 171 73 north
1246 963 63 75 of
1333 978 139 60 new
1498 961 145 76 Hwy
1669 961 82 76 78
1779 973 66 64 or
1867 955 186 82 south
2080 952 64 85 of
2169 952 96 85 old
2296 951 144 87 Hwy
2466 949 102 88 78.

426 1066 382 81 September
828 1066 42 81 3
897 1098 21 49 -
946 1063 289 84 Monday,
1267 1060 259 87 LABOR
1554 1059 156 88 DAY
1735 1092 19 55 -
1782 1054 193 93 Shoal
2001 1053 222 94 Creek,
2251 1057 106 90 ten
2385 1048 177 99 miles
2589 1044 171 103 north
2788 1042 63 105 of

283 1170 210 70 Heflin,
520 1167 324 73 Alabama.

432 1267 256 60 Second
718 1266 123 61 and
871 1263 306 73 Saturday
1206 1260 214 76 before
1449 1291 19 45 -
1494 1257 147 79 87th
1669 1254 270 82 Session
1968 1287 19 49 -
2017 1251 216 85 United
2262 1248 240 88 Sacred
2532 1245 165 91 Harp

288 1366 252 63 Musical
567 1362 394 67 Association
991 1395 21 34 -
1080 1359 301 76 Chicago,
1414 1356 228 79 Illinois.

435 1465 259 60 Second
721 1497 22 28 -
771 1459 315 66 Mountain
1114 1459 202 66 Home
1344 1455 244 70 Church
1615 1488 19 37 -
1660 1456 42 69 3
1729 1452 177 73 miles
1927 1449 351 76 southwest
2304 1446 64 79 of
2391 1444 165 81 Bear
2575 1440 222 85 Creek,

289 1564 319 69 Alabama,
637 1578 81 55 on
747 1561 148 73 Hwy
919 1560 112 75 241
1071 1557 205 78 south.

438 1660 172 61 Third
637 1659 124 63 and
790 1656 307 73 Saturday
1123 1656 217 73 before
1369 1686 19 43 -
1414 1651 147 78 76th
1587 1648 259 81 session
1873 1680 21 49 -
1921 1645 283 84 Calhoun
2233 1642 241 87 County
2500 1633 388 96 Convention

295 1795 19 10 -
340 1761 159 61 Four
522 1759 136 63 Mile
685 1758 214 64 Mount
924 1753 234 69 Moriah
1185 1750 294 72 Primitive
1504 1747 237 79 Baptist
1762 1744 265 82 Church.

441 1858 172 61 Third
642 1890 19 30 -
688 1855 219 75 Shady
934 1855 226 75 Grove,
1186 1851 244 79 Walker
1453 1849 261 81 County,
1741 1845 351 85 Alabama.-
2119 1840 238 90 Keeton
2388 1837 331 93 Cemetery
2751 1836 21 94 1

301 1962 99 58 1/2
427 1957 174 63 miles
627 1960 145 60 east
798 1954 63 66 of
885 1968 141 52 new
1051 1950 349 70 Flatwoods
1426 1948 112 72 Ch.
1569 1962 81 58 on
1678 1945 144 75 Hwy
1854 1945 96 75 11,
1981 1941 262 79 Nauvoo
2268 1944 61 76 to
2355 1935 250 85 Carbon
2634 1932 120 88 Hill,
2784 1929 94 91 AL

447 2056 306 76 Saturday
799 2053 219 79 before
1042 2050 196 82 fourth
1264 2049 288 84 Sunday-
1579 2044 210 88 Illinois
1815 2044 177 88 State
2017 2037 388 96 Convention
2434 2068 21 64 -

303 2158 385 69 Charleston,
721 2154 226 73 Illinois.
981 2151 231 76 Placed
1237 2155 64 72 to
1324 2149 84 78 be
1435 2145 397 82 announced.

453 2257 217 61 Fourth
697 2289 21 30 -
745 2254 163 64 Gum
936 2253 177 66 Pond
1141 2250 282 76 (Morgan
1450 2247 265 79 County)
1746 2245 127 81 -18
1903 2241 93 85 mi.
2028 2239 318 87 northeast
2371 2235 64 91 of
2458 2232 298 94 Cullman,
2785 2229 94 97 AL

454 2355 216 63 Fourth
699 2388 19 30 -
748 2353 228 75 Liberty
1003 2350 100 78 Hill
1132 2347 273 81 Church-
1431 2349 37 79 9
1498 2344 174 84 miles
1698 2347 145 81 east
1867 2340 63 88 of
1956 2340 189 88 Boaz,
2172 2335 322 93 Alabama,
2523 2338 106 90 top
2655 2329 63 99 of

307 2457 279 61 Horton's
633 2454 162 78 Gap,
819 2452 127 79 just
967 2451 88 81 off
1075 2448 217 84 Sardis
1321 2446 174 85 Farm
1521 2451 63 81 to
1609 2442 234 90 market
1867 2439 289 93 blacktop
2179 2434 168 97 road.

457 2554 216 61 Fourth
700 2586 21 30 -
747 2551 277 64 Winston
1054 2550 243 72 County
1321 2542 387 79 Convention
1735 2574 21 48 -
1783 2541 261 81 Sunday
2068 2536 139 85 only
2233 2568 21 54 -
2280 2532 216 90 Shady
2524 2530 205 91 Grove

309 2655 261 72 Church,
598 2656 40 70 3
669 2652 174 75 miles
870 2649 172 78 north
1069 2647 63 79 of
1156 2646 240 81 Double
1425 2643 276 84 Springs,
1731 2640 304 87 Alabama
2061 2652 78 75 on
2169 2635 144 91 Hwy
2343 2634 139 93 195.

459 2752 243 63 Fourth-
730 2751 304 64 Emmaus
1059 2746 267 70 Church,
1351 2745 405 72 Thomaston,
1785 2736 291 81 Georgia.

460 2853 219 61 Fourth
706 2884 19 30 -
753 2851 132 73 City
910 2848 147 76 Hall,
1086 2844 297 81 Ashland,
1408 2842 324 82 Alabama.

463 2950 216 60 Fourth
729 2982 21 28 -
778 2949 459 61 Loosascoona
1266 2940 291 70 Primitive
1584 2937 232 76 Baptist
1842 2932 271 81 Church-
2139 2931 93 82 Air
2257 2929 211 84 Mount
2493 2959 21 54 -
2542 2923 169 90 north
2740 2922 64 91 of

316 3051 142 75 Hwy
481 3049 246 76 330,11
768 3045 177 81 miles
967 3048 160 78 west
1153 3040 63 85 of
1242 3040 214 85 Burce,
1489 3033 385 93 Mississippi.

463 3148 145 61 Fifth
636 3180 21 30 -
684 3145 232 75 Liberty
940 3139 436 81 (McCormick)
1407 3138 186 82 Moon
1620 3132 333 88 Memorial,
1978 3132 42 88 2
2052 3130 99 90 1/2
2178 3126 175 94 miles
2377 3123 337 97 southeast
2740 3118 63 102 of

316 3247 298 70 Sumiton,
642 3246 322 72 Alabama.
997 3241 183 76 North
1207 3240 66 78 of
1299 3253 138 64 new
1462 3237 160 81 Hwy.
1653 3235 81 82 78
1762 3247 66 70 or
1851 3229 184 88 south
2062 3228 64 90 of
2151 3226 96 91 old
2277 3225 162 93 Hwy.
2469 3223 99 94 78.

468 3348 142 60 Fifth
637 3379 21 28 -
684 3343 399 64 Tuscaloosa
1107 3337 391 73 Community
1522 3336 234 75 Center
1777 3364 19 46 -
1825 3327 340 84 Southside
2193 3325 180 85 Lions
2400 3321 157 90 Club
2584 3319 51 91 in

319 3445 339 72 Rosedale,
688 3460 81 57 on
798 3444 205 73 Hwys.
1051 3442 85 75 82
1162 3438 127 79 and
1315 3439 82 78 69
1423 3433 183 84 south
1635 3432 63 85 of
1719 3429 411 88 Tuscaloosa.

469 3546 172 60 Fifth-
669 3544 246 75 (29-30)
943 3540 361 79 Southwest
1327 3535 210 84 Texas
1561 3528 412 91 Convention-
2001 3526 133 93 San
2160 3522 259 97 Antonio
2448 3517 292 102 Primitive

324 3645 231 78 Baptist
580 3640 510 82 Church,Corner
1114 3636 64 87 of
1201 3634 237 88 Walton
1467 3630 120 93 and
1618 3628 253 94 DeSota
1897 3625 258 97 Streets.
2187 3622 132 100 San
2344 3615 513 108 Antonio,Texas.

1417 3835 436 76 OCTOBER,
1887 3834 183 78 1990

474 3970 150 60 First
646 4002 21 28 -
693 3966 222 75 Sandy
940 3961 205 79 Creek
1170 3957 247 84 Church
1444 3988 19 52 -
1492 3969 124 72 one
1645 3951 135 90 mile
1806 3948 186 93 south
2017 3946 64 94 of
2107 3943 253 97 Flovilla,
2389 3939 288 102 Georgia.

475 4069 148 60 First
648 4099 21 30 -
697 4060 316 81 Hopewell
1042 4056 294 85 Primitive
1365 4051 232 90 Baptist
1623 4047 244 94 Church
1894 4078 19 63 -
1939 4042 364 99 Alexander,
2335 4039 232 102 Hullett,
2599 4038 178 103 Lowe

325 4168 121 63 and
478 4167 289 64 Brothers
798 4158 334 73 Memorial.
1162 4189 21 42 -
1212 4158 37 73 6
1278 4153 175 78 miles
1477 4155 145 76 east
1648 4147 61 84 of
1732 4146 310 85 Oneonta,
2071 4141 322 90 Alabama,
2424 4137 123 94 and
2598 4138 22 93 1
2664 4135 135 96 mile

322 4275 148 57 east
492 4270 69 61 of
579 4267 304 64 Oneonta
904 4260 247 78 Airport.

478 4368 148 61 First
651 4399 21 30 -
697 4363 118 66 Old
846 4359 217 70 Sardis
1090 4353 244 76 Church
1366 4351 93 78 No
1488 4351 52 78 1.
1572 4380 21 49 -
1615 4348 40 81 3
1686 4344 174 85 miles
1888 4341 168 88 north
2085 4339 61 90 of
2172 4338 178 91 Lynn,
2380 4336 321 93 Alabama.

478 4464 259 66 Second
768 4497 21 33 -
816 4461 312 69 Chestnut
1153 4453 207 76 Grove
1389 4446 232 84 Baptist
1647 4441 244 88 Church
1918 4473 19 57 -
1963 4441 40 88 3
2031 4438 175 91 miles
2232 4437 184 93 south
2445 4437 61 93 of
2533 4434 129 96 Ider
2686 4467 21 63 -

324 4569 289 64 Junction
643 4581 79 52 on
753 4563 148 75 Hwy
931 4558 142 79 117.

1798 4642 66 58 11
