3150 4950
172 181 97 67 and
312 180 145 69 Murl
507 181 231 69 Mixon.
789 193 310 69 Leaders:
1143 204 268 64 Jessica
1456 210 294 72 Roberts,
1797 213 102 69 65,
1980 211 231 73 Jimmy
2254 210 288 75 Denney,
2587 211 153 73 276;
2787 210 199 75 Kathy

172 282 280 70 Williams,
505 283 154 73 479;
714 289 240 67 Lonnie
1003 298 276 81 Rogers,
1330 307 150 72 343;
1533 309 204 70 Runie
1783 309 250 70 Glover,
2085 309 153 70 376;
2287 307 208 72 Milton
2544 307 229 72 Oliver,
2829 309 147 70 137;

175 387 126 61 Lora
342 379 234 79 Cargo,
627 387 111 72 30;
789 390 103 69 Bill
940 396 198 78 Alpin,
1194 405 145 69 177.

177 478 258 69 RECESS.

291 579 124 60 The
447 577 142 61 vice
622 582 327 66 chairman
985 592 204 61 called
1225 597 106 58 the
1365 600 264 58 session
1663 606 61 52 to
1759 600 181 58 order
1975 598 246 73 leading
2257 613 165 58 song
2460 612 81 60 on
2577 612 171 60 page
2782 597 190 75 354b.

180 676 282 66 Leaders;
541 676 109 66 Bill
730 679 238 76 Farris,
1048 691 112 70 81;
1240 693 240 69 Hanna
1554 696 129 66 and
1758 694 250 73 Ashley
2085 693 312 75 Roberts,
2479 694 153 73 119;
2712 691 264 76 Horace

181 774 315 72 Batchelor,
549 775 156 72 312;
757 778 90 69 W.
904 781 58 66 L.
1017 786 241 75 Green,
1311 793 151 69 448;
1513 792 178 70 Viola
1743 792 249 70 Barker,
2044 792 153 70 480;
2245 789 130 73 J.T.
2431 789 292 73 Barfield,
2775 789 199 73 381b;

183 874 202 78 Margie
435 873 223 79 Smith,
720 879 151 73 101;
924 882 220 70 Oscar
1194 889 126 63 and
1377 889 156 75 Katy
1587 889 318 75 McGuire,
1959 889 153 75 268;
2164 888 253 76 Aubrey
2473 886 292 78 Barfield,
2821 888 153 76 200;

184 975 88 63 I.V.
342 972 423 75 McWhorter,
840 979 159 72 269,
1077 982 229 69 Felton
1381 987 300 75 Denney,
1762 988 150 73 120;
1989 985 177 76 Mary
2238 985 207 76 Scott,
2521 987 111 75 49;
2704 984 270 78 William

184 1071 285 72 Headrick,
514 1074 148 69 436.
709 1074 51 69 A
799 1090 195 52 warm
1035 1081 313 61 welcome
1389 1101 138 43 was
1569 1084 186 78 given
1798 1084 79 78 by
1918 1083 283 79 Tommie
2244 1083 327 79 Spurlock.

186 1171 348 66 DISMISSED
558 1171 151 66 FOR
732 1173 267 66 LUNCH.

324 1272 124 60 The
489 1272 336 61 afternoon
867 1278 268 61 session
1176 1296 139 43 was
1354 1282 204 58 called
1602 1288 61 52 to
1704 1282 186 58 order
1927 1281 78 76 by
2044 1281 286 76 Tommie
2373 1281 307 76 Spurlock
2722 1281 250 76 leading

184 1389 132 63 song
360 1387 78 64 on
484 1387 171 64 page
699 1375 151 76 298.
901 1374 307 78 Leaders:
1260 1380 259 72 Lurleen
1569 1380 225 72 Heath,
1842 1383 151 69 290;
2037 1380 55 72 J.
2145 1380 70 72 C.
2266 1380 250 72 Hardin,
2571 1381 144 70 139;
2760 1380 222 72 Jewell

186 1474 243 76 Skaggs,
492 1474 148 76 143;
694 1473 213 78 Jesse
967 1474 304 76 Roberts,
1329 1479 111 72 Jr.,
1500 1483 151 67 500;
1711 1479 150 72 Murl
1923 1479 232 72 Mixon,
2214 1482 106 69 58;
2376 1479 175 72 John
2613 1479 367 78 Etheridge,

184 1575 120 69 383;
352 1572 148 72 Rev.
553 1572 199 72 Eddie
799 1572 276 75 Tanner,
1129 1578 103 69 73;
1287 1576 222 76 Buddy
1554 1578 259 75 Tyndal,
1870 1581 147 72 122;
2070 1578 202 78 Ralph
2326 1578 229 78 Heath,
2611 1581 148 75 196;
2812 1578 160 78 Ruth

187 1672 199 69 Brown,
430 1674 102 67 63;
577 1671 178 70 Pearl
802 1672 390 69 McWhorter
1231 1675 127 66 and
1405 1675 172 66 Dixie
1620 1677 423 76 Cavanough,
2094 1680 145 73 147;
2281 1677 135 76 The
2460 1678 214 75 Green
2722 1677 249 76 Family,

187 1770 97 70 Bill,
339 1768 189 72 Leola
582 1770 223 72 Smith,
868 1770 234 72 Eldore
1161 1773 256 75 Moody,
1482 1774 267 73 Genora
1803 1774 384 73 Whitworth,
2248 1777 154 70 384;
2460 1776 295 72 Thuman
2817 1774 154 73 Nail,

186 1867 159 69 523b;
391 1866 289 76 Daphine
727 1867 289 76 Causey,
1066 1872 148 72 434,
1266 1872 150 72 222;
1468 1872 133 72 Ben
1650 1872 222 72 Smith,
1920 1875 153 69 385;
2119 1873 174 70 Alcie
2341 1873 207 76 Craig,
2605 1875 145 75 129;
2802 1872 172 78 Lane

184 1963 277 70 Albritton,
523 1966 148 67 144;
730 1965 201 69 Eddie
985 1966 277 70 Tanner,
1320 1969 106 67 45;
1485 1969 240 67 Marcie
1774 1969 328 70 Johnson,
2161 1971 151 69 56b,
2370 1971 243 73 Ashley
2670 1971 301 73 Roberts,

189 2062 117 69 153;
352 2059 127 72 L.E.
535 2061 289 76 Denney,
876 2064 153 73 489;
1078 2064 216 73 Oscar
1339 2065 129 72 and
1521 2065 154 75 Katy
1726 2065 318 75 McGuire,
2095 2068 109 72 46;
2257 2067 193 75 Harry
2500 2067 268 75 Dumas,
2820 2068 153 73 273;

183 2158 184 60 Jewell
411 2160 280 78 Skaggs,
739 2161 271 76 Victoria
1056 2163 195 76 Alpin,
1300 2166 106 73 64;
1455 2164 139 75 S.T.
1647 2164 202 75 Reed,
1905 2167 144 72 102,
2098 2166 63 73 T.
2214 2166 69 73 H.
2335 2166 198 73 Ross,
2580 2167 109 72 34;
2737 2166 237 73 Lonnie

186 2257 99 60 and
328 2257 208 61 Vivian
589 2259 274 79 Rogers,
915 2263 150 75 340.
1119 2262 286 76 Tommie
1456 2263 312 78 Spurlock
1863 2263 100 78 led
2013 2281 169 60 song
2235 2281 82 60 on
2368 2281 174 60 page
2592 2266 85 75 56
2725 2265 94 76 for
2866 2265 108 76 the

184 2356 204 79 closing
426 2374 162 63 song
628 2359 126 78 and
795 2361 153 76 Rev.
993 2361 196 76 Eddie
1225 2362 250 75 Tanner
1510 2364 348 73 dismissed
1896 2364 138 73 with
2073 2380 240 60 prayer.

1057 2460 403 61 SATURDAY
1485 2461 226 60 NIGHT
1732 2461 322 61 SESSION

343 2556 126 60 The
513 2557 178 60 class
733 2575 141 43 was
918 2560 205 60 called
1170 2566 64 54 to
1279 2560 186 60 order
1548 2562 123 58 and
1716 2562 108 58 the
1869 2562 310 76 following
2229 2562 258 76 leaders
2527 2577 172 61 were
2742 2560 231 78 called;

181 2652 144 63 John
393 2656 252 73 Merritt,
717 2659 156 70 567;
942 2659 186 78 Virgil
1201 2659 283 78 Phillips,
1558 2662 157 75 501;
1788 2661 175 76 Mary
2035 2661 61 76 F.
2169 2661 231 76 Smith,
2476 2661 151 76 143;
2698 2658 276 79 Stanley

184 2751 184 75 Smith,
418 2758 148 70 522;
619 2757 183 78 Ruby
853 2758 273 79 Phillips,
1179 2761 151 76 572;
1383 2760 130 78 Kim
1566 2760 223 78 Cagle,
1840 2760 328 78 32;Verna
2215 2760 318 78 Williams,
2587 2760 151 78 323;
2793 2757 190 81 Leola

184 2851 186 73 Smith,
426 2857 151 69 577;
636 2857 64 69 B.
762 2859 78 67 M.
900 2859 225 70 Smith,
1183 2863 150 66 505;
1393 2860 199 69 Hazel
1651 2860 228 76 Cagle,
1936 2862 154 75 275;
2146 2859 265 78 Tommy
2469 2857 292 79 Barfield,
2818 2859 154 78 404;

184 2949 153 61 Rosa
390 2953 291 78 Hughes,
741 2958 154 73 573;
955 2958 229 73 Randy
1242 2958 351 75 Simpkins,
1651 2959 154 73 358;
1866 2958 195 75 Linda
2115 2956 312 76 Thomas,
2487 2955 198 78 507b;
2740 2955 234 78 Jimmy

184 3045 253 81 Denney,
493 3054 145 72 155;
693 3054 201 75 Kathy
942 3054 321 75 Williams,
1321 3057 147 72 129;
1522 3055 205 73 Milton
1780 3054 228 75 Oliver,
2062 3055 105 73 78;
2220 3052 157 76 Lora
2425 3052 234 76 Cargo,
2713 3052 106 76 61;
2872 3049 99 79 Bill

183 3142 192 76 Farris,
435 3151 151 70 401;
651 3151 259 70 Horace
972 3153 367 69 Batchelor,
1402 3154 153 67 426;
1618 3151 246 76 Margie
1924 3150 225 78 Smith,
2217 3151 148 76 108;
2427 3148 63 79 T.
2550 3147 58 81 J.
2674 3145 297 82 Barfield,

181 3246 124 70 502;
355 3247 270 69 Jessica
682 3250 304 70 Roberts,
1053 3253 148 67 159;
1264 3250 222 70 Felton
1546 3250 294 73 Denney,
1903 3250 153 73 276;
2119 3247 33 76 I.
2214 3247 67 76 V.
2344 3246 415 78 McWhorter,
2818 3244 154 79 371;

180 3340 226 81 Aubrey
484 3346 309 75 Barfield,
880 3351 153 70 199;
1110 3349 220 72 Jesse
1411 3348 312 73 Roberts,
1803 3348 157 73 218;
2040 3343 271 78 William
2391 3340 351 81 Headrick,
2823 3342 157 79 422;

180 3436 249 67 Tommie
477 3445 313 76 Spurlock
838 3447 99 75 led
988 3462 171 60 song
1209 3462 82 60 on
1342 3460 172 61 page
1563 3445 129 76 503
1740 3444 93 78 for
1878 3442 106 79 the
2032 3441 247 81 closing
2331 3454 187 67 song,
2572 3453 148 69 amn
2766 3436 208 85 Jesse

181 3534 243 67 Roberts
471 3543 358 61 dismissed
879 3544 142 60 with
1074 3558 246 61 prayer.

1153 3639 324 69 SUNDAY,
1504 3636 414 72 DECEMBER
1939 3637 39 70 3

361 3739 130 63 The
543 3742 273 76 Sunday
864 3739 276 79 session
1188 3753 141 66 was
1377 3735 205 84 called
1635 3741 64 78 to
1747 3733 189 85 order
1983 3732 81 87 by
2112 3730 109 88 the
2271 3729 364 90 Chairman,
2688 3726 286 93 Tommie

177 3832 270 79 Spurlock
483 3843 249 78 leading
769 3856 210 64 songs
1018 3853 81 67 on
1137 3852 213 69 pages
1383 3837 84 84 82
1504 3832 124 88 and
1665 3832 145 88 36b.
1848 3831 132 90 The
2019 3828 277 93 morning
2334 3841 223 79 prayer
2587 3841 136 79 was
2763 3825 96 96 led
2896 3825 78 96 by

172 3933 142 66 John
370 3940 294 63 Barfield.
726 3940 315 63 Leaders:
1095 3936 175 67 John
1329 3933 249 70 Merritt,
1635 3931 150 72 203,
1842 3931 108 72 29;
2008 3928 172 75 Lane
2235 3925 321 78 Albritton,
2613 3925 148 78 405,
2824 3925 148 78 100;

171 4032 192 69 Jewell
418 4042 289 78 Skaggs,
765 4042 157 78 340;
982 4033 268 87 Lurleen
1309 4030 231 90 Heath,
1597 4030 151 90 222;
1807 4026 150 94 Murl
2016 4024 229 96 Mixon,
2302 4024 153 96 344;
2515 4021 273 99 Hannah
2845 4023 126 97 and

171 4131 205 84 Ashley
418 4141 300 73 Roberts,
763 4138 153 76 358;
964 4135 55 79 L.
1072 4132 61 82 E.
1183 4128 289 87 Denndy,
1518 4128 150 87 356;
1711 4125 211 90 Oscar
1962 4122 126 93 and
2136 4122 153 93 Katy
2332 4119 312 96 McGuire,
2692 4120 103 94 87;
2841 4119 136 96 S.T.

171 4230 178 81 Reed,
405 4243 156 69 497;
619 4237 177 75 Alcie
855 4231 214 81 Craig,
1128 4230 153 82 563;
1342 4225 220 87 Felton
1621 4224 292 88 Denney,
1971 4221 108 91 48;
2131 4218 274 94 Jessica
2463 4218 298 94 Roberts,
2818 4219 154 93 300;

169 4329 201 87 Buddy
444 4338 277 79 Tyndal,
801 4333 162 84 383;
1044 4326 252 91 Margie
1372 4321 232 96 Smith,
1681 4320 157 97 31b;
1917 4318 219 99 Milton
2211 4315 241 102 Oliver,
2530 4317 157 100 515;
2766 4315 207 102 Kathy

166 4428 297 84 Williams,
534 4440 154 72 129;
711 4387 175 124 'Kim
951 4425 232 87 Cagle,
1246 4423 156 88 442;
1467 4419 184 93 Ruby
1713 4416 280 96 Phillips,
2056 4416 153 96 345;
2268 4413 174 99 John
2506 4413 274 99 Barfield
2844 4413 127 99 and

166 4528 234 88 Family,
474 4537 271 79 Hubert,
819 4528 352 88 Margaret,
1242 4519 280 97 Aubury,
1591 4515 247 102 Vivian,
1908 4512 298 105 Victoria,
2272 4510 228 106 Jewell
2572 4558 10 58 ,
2652 4510 123 106 Oid
2842 4510 129 106 and

165 4629 253 72 Pauline.

1512 4714 118 58 177
