3150 4950
171 168 298 64 Webster
511 172 288 79 Denney,
846 178 147 73 298,
1039 180 150 72 288;
1237 177 201 78 Hogie
1480 175 225 79 Cagle,
1752 174 151 81 274;
1950 169 213 85 Myron
2211 162 127 93 and
2380 160 127 94 Jan
2556 157 243 97 House,
2844 159 136 96 276;

174 268 187 61 Ludie
400 271 373 79 Neighbors,
814 277 102 73 45.
954 276 168 75 After
1156 279 556 72 announcements
1752 268 231 82 Lonnie
2022 265 253 85 Rogers
2311 259 126 91 and
2478 258 214 93 Felton
2733 256 246 94 Denney

175 367 99 60 led
319 385 169 63 song
537 388 82 60 on
667 388 171 61 page
885 376 127 73 435
1060 390 78 60 as
1183 375 108 75 the
1335 372 246 78 closing
1629 384 189 66 song.
1866 366 133 84 The
2044 363 183 87 class
2271 373 141 76 was
2457 355 352 94 dismissed
2853 358 123 91 with

172 481 225 60 prayer
436 468 79 76 by
556 469 154 75 Rev.
754 471 232 73 Gerold
1029 471 271 76 Rogers.

174 564 363 72 Chairman,
585 567 234 69 Lonnie
865 568 271 75 Rogers;
1179 567 153 76 Vice
1375 565 361 78 Chairman,
1786 559 214 84 Felton
2049 556 291 87 Denney;
2386 553 355 90 Secretary,
2788 553 192 90 Vivian

177 658 273 78 Rogers.

510 765 229 79 KING
768 763 408 81 SCHOOL
1201 760 339 84 HOUSE
1570 759 192 100 (MT
1785 754 409 105 VERNON
2227 751 442 108 CHURCH)

1156 886 241 61 Natural
1428 885 238 78 Bridge,
1692 883 321 79 Alabama.

1341 984 165 60 June
1537 985 96 67 18,
1666 982 165 70 1989

345 1084 135 60 The
519 1086 121 58 8lst
678 1084 265 60 session
984 1083 64 61 of
1083 1083 109 61 the
1230 1081 232 63 annual
1504 1078 244 66 Sacred
1792 1078 168 76 Harp
1996 1077 262 78 Singing
2295 1092 138 63 was
2470 1077 201 78 called
2712 1083 60 72 to
2808 1080 166 75 order

177 1182 78 73 by
291 1183 219 72 Arthur
543 1183 184 72 Ward
768 1182 247 75 leading
1054 1197 166 60 song
1258 1195 82 61 on
1380 1195 172 61 page
1587 1180 105 76 32.
1729 1177 135 79 The
1903 1176 276 81 morning
2220 1192 223 64 prayer
2475 1191 135 66 was
2650 1176 94 81 led
2784 1177 73 79 by
2892 1179 82 78 Dr.

180 1281 196 75 Doyle
411 1281 313 75 Williams.
763 1279 214 76 Arthur
1011 1278 184 78 Ward
1233 1278 147 78 then
1422 1276 97 79 led
1557 1291 165 64 song
1761 1291 82 64 on
1882 1291 169 64 page
2088 1275 147 81 74b.
2272 1275 133 81 The
2440 1275 175 81 class
2652 1276 316 79 organized

177 1378 93 60 for
321 1378 108 60 the
480 1378 129 75 day
658 1378 81 75 by
792 1377 276 76 electing
1122 1375 109 78 the
1282 1374 339 79 following;
1675 1374 367 79 Chairman,
2097 1374 219 79 Arthur
2362 1372 210 81 Ward;
2626 1374 339 79 Secretary,

180 1476 247 60 Debbie
471 1476 373 70 Wakefield;
889 1474 343 76 Arranging
1279 1474 403 76 Committee,
1731 1473 249 78 Clifford
2023 1473 366 78 Wakefield.
2442 1471 277 79 Leaders
2760 1474 207 76 called:

177 1575 219 58 Travis
447 1575 268 69 Keeton,
772 1573 187 70 147b,
1017 1575 147 69 141;
1210 1572 187 72 Josie
1449 1572 199 75 Hyde,
1701 1573 102 73 73,
1855 1573 105 73 99;
2011 1572 220 75 Benny
2280 1572 267 75 Keeton,
2602 1573 141 73 145,
2796 1573 171 73 145b;

180 1672 195 58 Clara
432 1672 226 69 Stults,
720 1672 154 69 332,
934 1672 157 69 274;
1153 1669 202 72 David
1416 1669 379 72 Wakefield,
1857 1671 153 70 428,
2071 1672 153 69 405;
2287 1669 199 72 Roxie
2550 1669 264 72 Keeton,
2872 1672 91 70 30,

183 1768 199 70 176b;
448 1768 100 70 Dr.
618 1767 208 75 Doyle
888 1767 330 75 Williams,
1290 1770 148 72 142,
1507 1770 151 72 155;
1725 1767 151 75 Lola
1939 1767 369 75 Roberson,
2373 1770 154 72 313,
2590 1770 154 72 297;
2808 1768 159 73 Cecil

180 1866 321 69 Sanders,
555 1867 151 67 498,
760 1867 153 67 460.

183 1963 297 58 RECESS.

334 2059 133 58 The
504 2059 178 58 class
714 2076 141 42 was
889 2059 201 58 called
1128 2067 63 52 to
1228 2061 180 58 order
1441 2061 81 73 by
1554 2061 126 73 Tim
1719 2061 268 73 Gilmore
2026 2061 244 76 leading
2307 2076 205 61 songs
2547 2076 79 61 on
2664 2076 198 61 pages
2893 2064 72 73 88

181 2157 126 60 and
357 2160 145 57 106.
553 2157 306 60 Leaders:
907 2157 202 60 Helen
1158 2158 340 76 Langston,
1551 2160 142 75 143,
1740 2160 150 75 391;
1932 2158 168 76 John
2148 2158 195 76 Hyde,
2392 2158 145 76 68b,
2584 2158 189 76 275b;
2818 2158 51 76 L.
2914 2158 54 76 E.

183 2254 300 72 Hannah,
543 2257 153 69 201,
756 2257 153 69 213;
970 2256 240 70 Robert
1263 2256 319 78 Aldridge,
1641 2259 105 75 85,
1804 2256 195 78 345b;
2059 2256 289 78 Fayrene
2404 2256 369 78 Wakefield,
2829 2257 133 76 480,

180 2356 153 69 569;
385 2353 231 72 Arnold
673 2355 240 70 Moore,
967 2356 151 69 383,
1171 2356 153 69 382;
1380 2355 316 76 Margaret
1749 2355 267 76 Keeton,
2074 2356 141 75 144,
2277 2356 144 75 129;
2470 2353 264 78 Wilford,
2787 2353 174 78 Cecil,

180 2452 294 72 Clifford,
552 2454 279 75 Wayne,
907 2454 322 75 Wendell,
1309 2454 189 75 Larry
1567 2454 390 75 Wakefield,
2035 2454 177 75 Faye
2286 2452 412 76 Donaldson,
2773 2451 190 78 Helen

184 2551 351 78 Langston,
592 2553 192 76 Clara
835 2553 220 76 Stults,
1116 2553 177 76 Betty
1348 2553 277 76 Baccus,
1680 2551 222 78 Arthur
1948 2551 207 78 Ward,
2211 2551 124 78 and
2392 2551 303 78 Menerva
2746 2550 220 79 Harper

184 2650 97 60 led
319 2653 130 57 333
487 2650 126 60 and
649 2653 132 57 338
820 2650 52 60 in
915 2667 277 60 memory
1230 2650 64 76 of
1327 2650 129 76 Sim
1527 2650 124 76 and
1689 2650 339 76 Catherine
2062 2649 358 78 Wakefield.

184 2749 396 61 DISMISSED
604 2751 151 60 FOR
778 2749 261 61 LUNCH.

349 2848 133 61 The
522 2848 333 61 afternoon
894 2848 264 61 session
1200 2847 297 63 resumed
1534 2847 136 63 with
1711 2847 247 63 Clifford
1996 2845 342 64 Wakefield
2380 2845 243 76 leading
2661 2859 198 63 songs
2895 2859 67 63 on

183 2965 214 61 pages
442 2950 127 76 477
618 2949 126 78 and
789 2950 148 76 288.
987 2947 304 79 Leaders:
1339 2946 139 81 Lisa
1522 2946 294 81 Gilmore,
1872 2949 141 78 147,
2061 2949 105 78 77;
2214 2946 169 81 Cecil
2428 2943 357 84 Wakefield,
2836 2943 124 84 159,

181 3049 157 69 290;
408 3046 174 76 Faye
649 3046 409 76 Donaldson,
1125 3046 154 76 430,
1344 3046 156 76 440;
1563 3043 295 79 Wendell
1923 3043 381 79 Wakefield,
2376 3045 144 78 168,
2593 3043 142 79 108;
2802 3040 162 82 Betty

184 3145 280 70 Baccus,
522 3147 102 69 61,
679 3147 153 69 421;
888 3144 135 72 Earl
1077 3144 259 75 Harper,
1396 3144 144 75 146,
1594 3144 151 75 329;
1800 3141 279 78 Geneva
2131 3142 253 76 Horton,
2439 3141 148 78 37b,
2640 3141 145 78 317;
2835 3136 133 82 Tom

184 3244 268 76 Harper,
520 3246 151 75 434,
738 3244 156 76 436;
958 3241 274 79 Clearcy
1297 3238 345 82 Rutledge,
1711 3241 148 79 100,
1932 3241 148 79 101;
2148 3240 181 81 Larry
2391 3237 375 84 Wakefield,
2826 3235 135 85 339,

181 3345 153 69 401;
391 3342 250 72 Debbie
693 3339 373 75 Wakefield,
1122 3340 148 73 495,
1326 3339 148 75 517;
1530 3336 202 78 Steve
1786 3336 202 78 Miles,
2043 3339 151 75 426,
2256 3339 145 75 163;
2457 3336 204 78 Elmer
2710 3330 250 84 Conwill,

181 3442 150 67 298,
385 3441 154 69 286;
591 3436 249 73 Wilford
891 3435 349 75 Wakefield
1294 3433 124 76 and
1473 3433 247 76 Natash
1773 3433 372 76 Wakefield,
2202 3435 234 75 "Jesus
2490 3432 154 78 Died
2697 3432 111 78 For
2856 3429 105 81 Me,

180 3540 153 67 343,
397 3538 151 69 294.
613 3534 223 73 Arthur
892 3532 187 75 Ward
1194 3531 151 76 then
1410 3529 99 78 led
1570 3546 171 61 song
1803 3546 82 61 on
1947 3546 177 61 page
2182 3534 153 73 209.
2400 3529 174 78 Cecil
2634 3523 328 84 Wakefield

180 3633 358 61 dismissed
591 3633 106 61 the
747 3630 181 64 class
976 3628 139 66 with
1168 3642 241 61 prayer.
1468 3625 333 78 Everyone
1854 3627 52 76 is
1960 3627 228 76 invited
2241 3628 166 75 back
2457 3643 127 60 one
2632 3640 151 63 year
2827 3624 135 79 from

180 3733 226 75 today.

181 3832 364 70 Chairman,
595 3829 220 73 Arthur
856 3825 207 78 Ward;
1114 3823 357 79 Secretary,
1524 3822 247 81 Debbie
1816 3825 372 78 Wakefield.

552 3931 328 82 LITTLE
915 3928 232 85 VINE
1188 3927 501 87 PRIMITIVE
1729 3928 424 85 BAPTIST
2188 3928 436 85 CHURCH

1282 4053 255 76 Empire,
1564 4053 321 76 Alabama.

1339 4150 163 61 June
1534 4152 94 70 18,
1663 4153 163 69 1989

363 4263 135 60 The
541 4257 234 66 annual
819 4252 243 70 Sacred
1108 4252 166 76 Harp
1315 4249 259 79 Singing
1620 4257 61 72 at
1723 4251 165 78 Little
1929 4252 157 76 Vine
2131 4254 285 75 Primtive
2461 4255 238 78 Baptist
2742 4246 225 87 Church

175 4378 141 45 was
370 4359 213 64 called
639 4363 63 60 to
759 4354 187 69 order
997 4351 79 75 by
1132 4350 273 76 Preston
1462 4348 220 78 Crider
1737 4348 258 79 leading
2050 4366 172 63 song
2280 4369 82 60 on
2419 4369 177 63 page
2650 4356 103 76 32.
2812 4345 162 87 Hugh

178 4461 294 61 McGraw
510 4458 102 64 led
651 4456 108 66 the
799 4450 276 75 morning
1117 4462 240 63 prayer.
1402 4446 265 79 Preston
1710 4447 217 78 Crider
1963 4450 150 75 then
2157 4450 100 75 led
2298 4467 168 61 song
2509 4468 81 60 on
2632 4467 168 63 page
2836 4447 132 82 421.

175 4558 133 61 The
355 4557 181 63 class
583 4551 193 69 voted
823 4557 63 63 to
934 4546 195 73 retain
1176 4545 108 75 the
1329 4543 309 78 following
1689 4543 279 78 officers:
2017 4546 364 75 Chairman,
2436 4549 271 72 Preston
2755 4545 216 76 Crider;

175 4657 151 61 Vice
373 4654 360 66 Chairman,
777 4648 169 72 John
993 4645 244 75 Hocutt;
1284 4642 355 78 Secretary,
1690 4642 307 78 Kathleen
2046 4645 309 75 Robbins;
2400 4648 345 78 Arranging

1540 4741 84 57 84
