3160 4957
351 168 135 61 The
538 172 373 66 nintheenth
964 180 268 58 session
1288 180 64 58 of
1398 180 111 58 the
1560 180 237 60 annual
1851 177 249 63 Keeton
2155 169 328 70 Memorial
2538 166 252 73 Sacred
2842 168 148 84 Harp

189 271 256 84 Singing
522 279 108 76 the
666 282 129 73 first
834 285 264 76 Sunday
1138 286 52 75 in
1236 286 141 75 May
1413 303 139 58 was
1590 285 202 76 called
1834 289 61 72 to
1936 282 183 79 order
2157 280 81 81 by
2275 277 129 84 Tim
2445 274 274 87 Gilmore
2761 276 223 85 leading

186 385 208 66 songs
438 393 81 58 on
562 394 214 63 pages
816 384 84 73 32
942 384 124 73 and
1108 385 148 72 39b.
1302 384 132 73 The
1477 384 279 75 morning
1801 394 223 64 prayer
2062 393 138 66 was
2247 375 99 84 led
2389 375 78 84 by
2509 373 205 85 Alfred
2758 375 223 84 Dutton.

186 468 126 64 Tim
355 474 274 63 Gilmore
670 478 150 61 then
864 481 97 58 led
1002 496 166 63 song
1212 498 81 61 on
1335 498 171 61 page
1546 481 103 78 42.
1693 480 130 79 The
1863 478 178 81 class
2083 472 346 87 organized
2472 472 81 87 by
2590 472 264 87 electing
2892 478 91 81 the

186 568 330 84 following
594 576 298 76 officers:
970 579 382 73 Chairman,
1429 577 228 75 Travis
1737 577 282 75 Keeton;
2094 573 165 79 Vice
2334 571 381 81 Chairman,
2794 574 190 78 Elmer

187 666 276 76 Conwill;
514 675 360 76 Secretary,
921 678 187 73 Josie
1156 678 202 75 Hyde;
1405 676 343 76 Arranging
1798 672 402 81 Committee,
2251 670 69 82 A.
2371 670 70 82 C.
2494 670 331 82 McGough
2871 682 108 70 and

186 765 217 64 Travis
454 771 268 63 Keeton.
775 774 217 61 Travis
1044 775 247 60 Keeton
1339 775 151 60 then
1543 774 99 61 led
1692 787 169 61 song
1912 787 81 61 on
2043 786 175 63 page
2268 772 150 76 203.
2472 771 303 78 Leaders:
2823 775 156 81 Larry

189 864 333 82 Ballinger,
576 873 153 73 477,
781 874 154 72 384;
987 873 189 73 Josie
1228 873 202 75 Hyde,
1485 873 150 75 492,
1690 873 151 75 224;
1894 870 208 78 Alfred
2160 870 253 78 Dutton,
2467 873 148 75 222,
2676 874 142 73 145;
2866 877 111 70 Ora

189 964 126 61 Lee
367 967 259 73 Fannin,
678 973 153 69 426;
883 970 220 76 Benny
1155 972 270 75 Keeton,
1476 973 103 73 45,
1630 970 151 76 47b;
1836 969 55 78 L.
1945 969 64 78 E.
2065 969 295 78 Hannah,
2412 972 105 75 83,
2566 973 150 73 273;
2766 973 211 73 Robert

187 1062 313 81 Aldridge,
556 1069 153 73 300;
762 1069 210 73 Sarah
1024 1069 265 73 Adams,
1348 1071 144 72 129,
1548 1069 151 73 406;
1755 1068 133 75 Earl
1945 1068 333 76 Ballinger,
2332 1071 127 73 530
2509 1069 93 75 for
2652 1071 94 73 his
2794 1074 181 70 father

189 1159 309 63 Hamilton
546 1165 330 76 Ballinger;
925 1167 315 75 Margaret
1284 1167 267 75 Keeton,
1599 1165 183 76 Chris
1827 1165 124 76 and
1999 1165 214 76 Kevin,
2266 1170 141 72 153.

189 1257 297 63 RECESS.

390 1357 220 60 Travis
660 1359 246 61 Keeton
955 1359 270 76 brought
1272 1360 106 75 the
1425 1360 181 75 class
1651 1366 63 69 to
1761 1360 187 75 order
1995 1360 252 78 leading
2295 1378 165 61 song
2509 1380 81 60 on
2637 1381 166 61 page
2845 1371 127 72 212.

189 1452 309 61 Leaders:
552 1455 265 60 Tressie
870 1455 259 70 Adkins,
1192 1458 144 67 172,
1390 1459 154 67 392;
1600 1458 199 73 Doyle
1851 1458 322 73 Williams,
2227 1462 150 69 298;
2433 1461 147 70 Lola
2632 1462 334 75 Roberson,

190 1551 124 58 182
360 1551 94 58 for
496 1552 175 58 Tom.
726 1552 210 58 Edwin
987 1552 328 78 Ballinger,
1371 1554 187 76 176b,
1573 1555 145 75 168;
1770 1555 250 75 Brenda
2065 1557 247 73 Chafin,
2361 1560 147 70 336,
2562 1561 141 69 192;
2746 1561 228 78 Johnny

187 1645 304 73 Humber,
552 1651 153 69 454,
763 1651 156 69 288;
979 1650 243 70 Estelle
1281 1650 256 78 Napier,
1596 1653 358 75 389,499b;
2016 1654 273 73 Preston
2346 1656 235 72 Crider,
2640 1659 145 70 397,
2839 1662 133 72 324;

184 1743 228 63 Ozella
456 1747 249 70 Chafin,
751 1750 108 69 47;
910 1749 256 70 Francis
1213 1749 144 72 Lee,
1408 1753 148 67 274;
1605 1752 214 69 Arthur
1861 1753 204 70 Ward,
2116 1755 193 70 274b;
2356 1755 249 70 Sandra
2652 1756 138 72 Ball,
2835 1761 130 70 391;

184 1842 210 61 Aaron
447 1845 268 72 Keeton,
763 1848 151 69 318,
964 1849 151 69 317;
1168 1848 183 70 Ester
1395 1849 171 70 Wall,
1617 1852 103 69 88,
1770 1852 147 69 269.

187 1941 394 63 DISMISSED
606 1944 151 61 FOR
780 1944 262 63 LUNCH.

343 2043 133 60 The
516 2043 331 61 afternoon
885 2046 262 60 session
1183 2062 138 43 was
1357 2047 202 60 called
1597 2055 61 54 to
1698 2050 181 60 order
1912 2050 78 75 by
2025 2050 211 75 Travis
2275 2052 238 73 Keeton
2554 2053 237 78 leading
2826 2071 141 61 song

186 2155 82 45 on
324 2157 174 61 page
558 2145 145 73 146.
765 2143 309 75 Leaders:
1126 2146 168 72 Aver
1345 2146 237 73 Crider,
1636 2151 150 69 309,
1842 2152 151 67 542;
2050 2149 207 70 Elmer
2305 2151 273 72 Conwill,
2632 2155 145 67 386,
2829 2157 132 67 286;

183 2236 69 61 A.
313 2239 70 58 C.
448 2239 364 78 McGough,
873 2242 151 75 290,
1081 2245 153 72 382;
1296 2244 148 73 Mae
1500 2245 337 75 Seymour,
1894 2250 150 70 422,
2103 2250 151 70 460;
2313 2250 168 70 Nora
2533 2250 241 70 Collett,
2827 2253 132 69 217;

183 2335 250 63 Alonzo
499 2338 285 73 Malone,
858 2343 145 69 127,
1071 2343 201 70 348b;
1335 2343 225 76 Toney
1621 2344 225 75 Smith,
1912 2349 270 70 91,342;
2248 2346 213 78 Becky
2524 2349 240 76 Briggs,
2824 2352 132 73 373,

183 2436 154 70 426;
397 2437 231 69 Velton
690 2439 253 72 Chafin,
1009 2443 151 67 419;
1219 2442 226 69 Jethro
1504 2443 252 70 Collett,
1818 2446 150 67 429;
2032 2445 171 69 Elsie
2263 2446 300 75 Beasley,
2629 2449 138 72 171,
2827 2449 130 72 383;

186 2533 147 61 Lisa
394 2535 307 72 Gilmore,
768 2539 154 69 328,
987 2541 156 69 440;
1209 2539 250 70 Parnell
1525 2541 210 75 Berry,
1800 2544 150 72 216,
2022 2545 147 70 126;
2235 2542 199 73 Roxie
2499 2544 264 72 Keeton,
2823 2547 132 69 349,

181 2632 168 60 498.

184 2730 298 61 RECESS.

366 2829 135 60 The
543 2830 180 58 class
766 2832 303 60 resumed
1110 2832 249 76 singing
1399 2833 138 75 with
1578 2833 169 75 John
1794 2835 175 73 Hyde
2014 2835 247 78 leading
2305 2851 163 61 song
2512 2853 78 60 on
2634 2853 163 60 page
2836 2835 123 78 68b.

184 2926 307 60 Leaders:
541 2928 136 58 Ann
730 2928 265 70 Ballard,
1050 2929 433 70 "Alexander",
1534 2932 150 69 512;
1735 2932 136 69 Bob
1920 2932 256 70 Fannin,
2227 2935 105 67 80;
2383 2934 261 69 Howard
2694 2932 258 73 Godsey,

183 3025 103 70 73,
357 3027 157 70 321;
582 3025 282 72 Christie
927 3027 202 70 Allen,
1197 3030 106 69 31,
1372 3030 154 69 566;
1593 3028 280 70 Charles
1941 3030 274 72 Ballard,
2284 3031 195 70 354b,
2547 3033 105 69 30;
2718 3031 243 73 Clearcy

184 3123 337 79 Rutledge,
585 3127 147 75 100;
787 3124 229 78 Kermit
1066 3126 262 76 Adams,
1386 3127 103 75 34,
1545 3129 105 73 67;
1707 3127 225 75 Pernie
1987 3129 267 76 Pelfrey,
2310 3130 148 75 28b;
2509 3130 129 75 Ted
2691 3129 261 76 Godsey,

178 3225 313 69 467,428;
544 3223 210 75 Henry
799 3223 313 75 Jackson,
1164 3226 148 72 319,
1372 3223 187 75 145b;
1611 3225 219 75 Teddy
1879 3226 291 76 Godsey,
2229 3231 142 72 189,
2421 3231 129 72 220
2599 3228 54 75 in
2703 3238 252 64 memory

180 3321 64 63 of
295 3321 216 76 Lonny
564 3322 208 75 Berry;
829 3321 171 76 Lena
1051 3321 240 78 Rigsby
1342 3322 124 76 and
1525 3322 99 76 Iva
1675 3322 153 76 Nell,
1881 3327 150 72 340,
2086 3328 153 70 480;
2293 3327 235 72 Hubert
2578 3325 195 73 Hood,
2823 3324 127 75 372,

177 3423 147 60 293.
363 3420 211 63 Travis
645 3420 241 63 Keeton
925 3420 123 63 and
1117 3420 202 63 Elmer
1351 3420 247 63 Conwill
1668 3421 97 61 led
1801 3423 105 60 the
1942 3424 241 78 closing
2220 3441 165 61 song
2422 3442 79 60 on
2539 3441 163 61 page
2737 3426 132 76 400.
2902 3420 54 82 A.

178 3519 67 61 C.
294 3519 336 76 McGough
669 3519 348 76 dismissed
1056 3519 106 76 the
1200 3519 177 76 class
1414 3519 135 76 with
1591 3535 237 60 prayer.

177 3618 366 70 Chairman,
597 3616 219 72 Travis
868 3615 268 73 Keeton;
1189 3616 151 72 Vice
1392 3616 361 72 Chairman,
1810 3619 207 69 Elmer
2065 3621 279 73 Conwill;
2397 3622 355 75 Secretary,
2800 3618 159 79 Josie

178 3715 195 78 Hyde.

693 3817 601 81 HUNTSVILLE
1327 3816 406 82 SACRED
1768 3820 268 79 HARP
2070 3822 411 84 SINGING

1323 3942 199 58 Burritt
1549 3940 288 63 Museum

1348 4039 139 76 May
1516 4041 96 75 13,
1647 4044 162 72 1989

357 4143 135 60 The
534 4140 124 63 fifth
705 4138 234 64 annual
984 4138 340 64 Huntsville
1368 4138 246 64 Sacred
1660 4140 166 78 Harp
1867 4141 261 79 Singing
2172 4162 138 58 was
2356 4149 144 72 held
2544 4165 81 55 on
2670 4143 283 78 Saturday

172 4240 142 76 May
358 4239 144 78 13th
546 4239 52 78 in
640 4237 105 79 the
784 4236 231 81 church
1056 4236 267 81 building
1365 4252 79 64 on
1483 4236 106 81 the
1627 4239 283 78 grounds
1950 4242 64 75 of
2053 4242 208 75 Burritt
2304 4245 294 72 Museum
2638 4245 120 72 and
2800 4239 151 78 Park.

172 4339 211 63 Burritt
433 4338 297 64 Museum
783 4335 49 67 is
882 4333 252 69 located
1182 4339 151 70 atop
1383 4333 214 76 Monte
1644 4335 180 75 Sano
1875 4338 345 75 Mountain,
2271 4342 108 70 the
2427 4345 252 67 second
2730 4341 226 78 highest

171 4435 318 66 mountain
532 4435 54 66 in
625 4432 325 69 Alabama.
997 4431 192 70 David
1234 4431 136 75 Ivey
1408 4431 199 75 called
1650 4432 103 73 the
1825 4434 178 72 class
2043 4443 61 63 to
2143 4440 184 66 order
2367 4441 249 79 leading
2655 4456 198 64 songs
2887 4449 67 72 on

168 4552 213 66 pages
426 4537 84 81 82
555 4531 126 87 and
726 4534 103 84 31.
880 4530 154 88 Sam
1077 4530 211 88 Jones
1335 4528 96 90 led
1477 4528 108 90 the
1632 4531 279 87 morning
1957 4551 243 67 prayer.
2254 4539 196 79 David
2502 4542 138 76 Ivey
2683 4542 145 76 then
2871 4531 82 87 led

166 4653 165 61 song
375 4650 82 64 on
499 4647 169 67 page
711 4632 102 82 78.
856 4627 417 87 Committees
1314 4626 291 88 selected
1644 4644 189 70 were:
1873 4632 343 82 Arranging
2260 4638 399 76 Committee,
2706 4641 195 73 Linton

1474 4728 78 58 60
