3150 4950
145 160 147 72 457;
352 157 165 75 Ruth
580 160 250 76 Brown,
891 168 108 70 82,
1057 169 156 70 285;
1273 169 279 70 Karleen
1608 169 327 72 Williams,
1993 171 154 70 203,
2211 171 145 70 106'
2409 168 184 75 Jerry
2650 165 373 79 Sheppard,

147 262 150 69 392;
361 259 264 78 Harvey
685 262 256 75 Austin,
1011 268 160 70 373;
1237 268 36 70 I.
1342 268 69 70 V.
1482 268 423 72 McWhorter,
1969 270 160 70 392;
2253 267 228 75 Myron
2545 265 256 76 House,
2868 267 159 75 337;

153 360 238 79 Margie
459 360 232 79 Smith,
762 366 112 73 56;
945 366 178 76 Mary
1192 367 63 75 F.
1326 367 229 75 Smith,
1623 367 322 75 28b,436.
2013 367 180 75 After
2254 366 114 76 the
2436 369 591 73 announcements

154 459 222 64 Lonnie
417 459 253 78 Rogers
711 463 127 73 and
879 463 175 73 Cecil
1096 465 303 72 Edwards
1440 465 100 72 led
1578 481 166 61 song
1785 481 84 61 on
1909 481 171 61 page
2118 466 130 76 389
2287 480 79 63 as
2404 463 108 79 the
2550 462 246 81 closing
2835 478 189 64 song.

153 561 123 61 The
312 559 178 63 class
525 574 142 48 was
703 561 354 61 dismissed
1095 564 139 60 with
1273 579 226 61 prayer
1533 564 81 76 by
1653 564 66 76 E.
1759 564 72 76 C.
1875 564 256 76 Bowen.

157 658 367 72 Chairman,
601 658 249 72 Lonnie
924 661 288 78 Rogers;
1282 663 160 76 Vice
1515 663 381 76 Chairman,
1969 661 181 78 Cecil
2226 661 343 78 Edwards;
2643 660 381 79 Secretary,

157 759 304 63 Charlene
496 757 300 64 Wallace.

1053 865 153 79 MT.
1239 865 451 81 LEBANON
1719 865 412 81 CHURCH

1195 993 166 60 Near
1384 993 274 76 Fayette,
1686 993 306 76 Alabama

1344 1092 169 61 June
1536 1095 303 69 25,1989

316 1189 132 61 The
487 1189 232 61 annual
762 1189 246 61 Sacred
1050 1191 168 78 Harp
1254 1191 262 78 Singing
1552 1207 141 61 was
1731 1191 144 78 held
1915 1197 63 72 at
2017 1191 102 78 Mt.
2163 1191 301 78 Lebanon
2506 1189 240 79 Baptist
2784 1188 250 81 Church

165 1290 117 60 and
325 1305 138 45 was
508 1288 207 61 called
762 1294 66 55 to
874 1290 187 60 order
1104 1290 82 75 by
1234 1290 178 76 Larry
1461 1290 315 78 Ballinger
1819 1290 253 78 leading
2121 1305 168 63 song
2337 1305 84 63 on
2469 1305 174 63 page
2688 1287 151 81 31b.
2892 1287 135 81 Earl

166 1387 301 78 Ballinger
513 1387 102 78 led
661 1387 111 78 the
823 1387 283 78 morning
1158 1404 246 61 prayer.
1452 1389 136 76 The
1635 1389 183 76 class
1863 1389 153 76 then
2067 1387 351 78 organized
2466 1387 81 78 by
2595 1386 276 79 electing
2920 1386 108 79 the

165 1486 318 78 following
565 1486 301 78 officers:
948 1486 388 78 Chairman,
1422 1486 144 78 Earl
1647 1486 358 79 Ballinger;
2083 1486 162 79 Vice
2325 1485 387 81 Chairman,
2796 1483 232 82 Buddy

169 1585 343 78 Ballinger;
595 1585 391 78 Secretary,
1069 1587 273 76 Johnny
1426 1587 318 76 Humber;
1825 1585 372 78 Arranging
2281 1584 430 79 Committee,
2800 1584 226 79 Linton

169 1684 310 78 Ballinger.
525 1684 135 78 Earl
702 1684 312 78 Ballinger
1048 1686 151 76 then
1243 1684 97 78 led
1416 1701 169 63 song
1624 1701 82 63 on
1749 1701 172 63 page
1959 1684 132 79 80b
2128 1684 126 79 and
2298 1684 256 79 leaders
2590 1698 171 66 were
2799 1681 228 82 called:

169 1783 219 60 Gravis
447 1783 339 78 Ballinger,
843 1785 157 76 318;
1056 1783 217 78 Albert
1330 1783 303 78 Humber,
1693 1786 154 75 405;
1905 1783 244 78 Ashley
2206 1783 129 78 and
2392 1782 240 79 Amber
2686 1780 339 81 Ballinger,

168 1884 100 69 30;
310 1881 249 72 Teresa
604 1881 334 78 Ballinger,
988 1884 109 75 45;
1143 1882 301 76 Amanda
1489 1882 333 78 Ballinger,
1872 1884 108 76 47;
2028 1881 291 79 Miranda
2362 1881 228 79 Burns,
2638 1881 154 79 477;
2841 1878 189 82 Carol

172 1980 298 70 Robbins,
526 1981 156 70 454;
741 1980 336 75 Dewayne
1134 1981 336 76 Ballinger,
1530 1983 105 75 63;
1689 1981 94 76 Jill
1842 1980 337 78 Ballinger,
2235 1981 154 76 212;
2446 1978 187 79 Chris
2689 1977 336 81 Ballinger,

174 2080 139 69 120;
379 2077 192 76 Emily
636 2077 345 78 Ballinger,
1047 2080 109 75 84;
1222 2079 241 76 Sherry
1528 2079 340 76 Ballinger,
1933 2080 156 75 400;
2154 2077 282 78 Charles
2500 2076 307 79 Humber,
2872 2077 156 78 480;

169 2176 237 61 Teresa
454 2178 225 72 Burns,
729 2179 151 70 340.

174 2277 282 60 RECESS.

369 2376 258 76 Johnny
678 2376 283 76 Humber
1008 2376 210 76 called
1266 2376 109 76 the
1422 2376 183 76 class
1651 2374 300 78 together
1998 2374 253 78 leading
2301 2388 169 64 song
2521 2388 82 64 on
2655 2386 174 66 page
2877 2373 150 79 460.

172 2473 294 61 Leaders:
519 2475 199 60 David
765 2475 228 70 White,
1045 2476 153 69 401;
1249 2473 258 72 Brenda
1555 2473 312 72 Robbins,
1921 2472 157 73 Beth
2125 2472 217 73 O'Dell
2392 2470 127 75 and
2563 2470 201 75 Janet
2812 2467 214 78 Litton,

177 2574 132 69 137,
361 2575 142 69 155;
555 2572 163 72 B.W.
768 2574 222 70 Smith,
1036 2574 154 70 354;
1236 2572 228 72 Arnold
1515 2572 238 72 Moore,
1801 2572 151 72 410;
2001 2569 225 75 Shane
2269 2569 295 75 Wootten
2611 2566 127 78 and
2787 2566 246 78 Martha

177 2670 148 75 Ivey,
382 2673 142 72 128,
576 2673 153 72 299;
784 2671 265 73 Beverly
1101 2671 246 73 Nelson
1398 2670 129 75 and
1579 2668 130 76 Kim
1756 2667 294 78 Jenkins,
2104 2668 105 76 99;
2259 2667 51 78 A
2359 2715 10 30 .
2422 2667 69 78 A.
2545 2664 279 81 Malone,
2877 2665 153 79 432;

175 2767 186 75 Doyle
408 2769 318 73 Williams,
774 2770 154 72 442;
981 2769 255 73 Brenda
1282 2767 250 75 Chafin,
1587 2769 147 73 192;
1780 2766 259 76 Warren
2088 2763 201 79 Steel,
2343 2764 147 78 163;
2539 2763 145 79 Lisa
2730 2761 297 81 Gilmore,

172 2866 141 70 383;
366 2866 196 70 David
619 2868 162 75 Ivey,
835 2869 156 73 215;
1045 2866 183 76 Ruby
1279 2865 276 78 Phillips,
1609 2866 153 76 345;
1816 2863 90 79 Mr
1954 2862 126 81 and
2137 2862 145 81 Mrs.
2340 2862 57 81 L.
2452 2860 69 82 H.
2577 2859 300 84 Gilmore,
2932 2860 102 82 73,

172 2964 141 70 376;
355 2965 295 75 Rayburn
697 2965 300 75 Humber,
1045 2964 240 76 Robert
1323 2962 295 78 Aldridge
1660 2962 127 78 and
1831 2959 187 81 Lloyd
2064 2959 160 81 Ivey,
2272 2959 100 81 led
2415 2961 84 79 45
2544 2958 55 82 in
2644 2971 283 69 memory
2968 2956 67 84 of

172 3060 177 61 those
385 3063 141 60 who
565 3063 166 60 have
771 3063 250 78 passed
1062 3078 82 63 on
1185 3063 127 78 and
1351 3060 124 81 had
1516 3060 192 81 made
1743 3060 109 81 the
1890 3057 243 84 Sacred
2175 3057 166 84 Harp
2379 3055 256 85 Singing
2674 3069 40 72 a
2751 3054 279 87 tradition

174 3174 141 46 over
349 3162 106 60 the
492 3177 214 60 years.
747 3162 150 75 This
936 3160 250 76 singing
1230 3160 123 76 has
1392 3159 169 78 been
1602 3156 241 81 carried
1882 3171 84 66 on
2005 3156 93 81 for
2136 3169 151 67 over
2325 3169 127 67 one
2493 3151 285 85 hundred
2818 3166 210 70 years.

175 3256 90 63 Mt.
306 3259 297 61 Lebanon
642 3259 253 61 Church
931 3276 141 45 was
1110 3256 343 79 organized
1495 3256 52 79 in
1591 3256 186 79 1842.

175 3357 283 63 RECESS.

358 3459 217 76 Buddy
622 3459 315 78 Ballinger
979 3456 207 81 called
1231 3456 109 81 the
1381 3454 181 82 class
1644 3459 64 78 to
1750 3453 189 84 order
1981 3450 249 87 leading
2277 3465 171 72 song
2491 3463 84 73 on
2622 3462 171 75 page
2836 3445 192 91 385b.

175 3555 298 64 Leaders:
529 3559 166 60 Mike
751 3558 127 61 and
933 3558 235 73 Jimmy
1222 3555 334 76 Ballinger,
1614 3553 153 78 565;
1822 3550 211 81 Leslie
2085 3549 130 82 and
2263 3547 169 84 Julie
2488 3546 336 85 Ballinger,
2883 3547 148 84 108;

177 3654 172 78 Lloyd
405 3657 160 78 Ivey,
618 3660 154 75 426;
826 3655 204 79 Cindy
1081 3654 306 81 Franklin,
1440 3654 151 81 528;
1644 3649 265 85 George
1960 3648 157 87 Cox,
2170 3648 153 87 317;
2377 3645 175 90 Edith
2604 3645 178 90 Tate,
2835 3643 196 91 378b;

175 3753 235 64 Robert
480 3757 334 78 Aldridge,
898 3757 153 78 110;
1129 3753 189 82 Halie
1390 3751 408 84 Armstrong,
1873 3748 159 87 213;
2110 3745 307 90 Rayburn
2496 3742 310 93 Humber,
2883 3744 157 91 441;

172 3852 259 66 Tressie
499 3856 273 70 Adkins,
843 3856 160 70 422;
1077 3853 216 73 Elmer
1359 3849 289 78 Conwill,
1719 3849 159 78 411;
1950 3844 150 82 Lisa
2169 3843 345 84 Ballinger,
2584 3843 159 84 377;
2815 3841 216 85 Edwin

174 3951 325 84 Ballinger,
568 3958 148 76 168.

172 4051 384 66 DISMISSED
577 4056 154 61 FOR
753 4053 267 64 LUNCH.

391 4155 172 61 Leon
621 4153 322 78 Ballinger
991 4150 277 81 brought
1318 4147 111 84 the
1479 4146 186 85 class
1716 4141 301 90 together
2064 4141 96 90 for
2206 4140 111 91 the
2370 4138 340 93 afternoon
2763 4138 270 93 session

172 4248 241 84 leading
463 4270 172 61 song
687 4269 84 63 on
822 4266 177 66 page
1048 4251 151 81 384.
1255 4245 309 87 Leaders:
1615 4242 129 90 Tim
1795 4240 300 91 Gilmore,
2151 4240 148 91 183;
2352 4237 220 94 Flarce
2622 4236 208 96 Creel,
2881 4236 151 96 39b;

171 4347 217 67 Lamar
441 4353 229 72 Smith,
729 4351 157 73 36b;
948 4347 247 78 Cassie
1255 4342 289 82 Franklin
1603 4341 129 84 and
1792 4338 295 87 Clarissa
2143 4335 409 90 Springfield,
2613 4336 154 88 343;
2830 4335 208 90 Elmer

169 4447 277 76 Howton,
504 4455 156 69 436,
718 4452 156 72 546;
928 4447 235 76 Ozella
1216 4443 255 81 Chafin,
1527 4443 156 81 304;
1734 4438 126 85 Jim
1914 4437 279 87 Carnes,
2251 4437 151 87 218;
2461 4434 198 90 Marie
2713 4434 319 90 Aldridge,

166 4549 141 73 217;
367 4551 199 72 Estes
618 4549 325 73 Jackson,
1000 4546 157 76 396;
1216 4543 151 79 Mae
1422 4540 343 82 Seymour,
1824 4537 153 85 298;
2034 4534 180 88 Virgil
2272 4533 258 90 Phillips
2584 4533 129 90 and
2772 4533 270 90 Randall

166 4647 207 78 Smith,
426 4654 147 70 189,
619 4651 154 73 389;
825 4645 330 79 Dorothea
1195 4642 306 82 Thomas,
1557 4639 144 85 143;
1746 4636 154 88 Tom
1948 4635 259 90 Harper,
2254 4635 150 90 530;
2454 4633 148 91 Lola
2646 4632 361 93 Roberson,

1560 4740 70 60 91
