3150 4950
123 159 394 75 committee,
565 162 181 78 Larry
790 163 315 79 Ballinger
1146 165 127 78 and
1317 165 211 78 Edwin
1575 165 325 78 Ballinger.
1945 162 129 81 Tim
2116 160 277 82 Gilmore
2434 159 153 84 then
2632 156 100 87 led
2775 171 210 72 songs

127 276 84 46 on
247 276 220 63 pages
502 264 88 75 48
628 264 129 75 and
796 265 85 73 73
919 264 57 75 in
1017 280 282 60 memory
1335 264 66 76 of
1437 265 181 75 Ruby
1654 262 252 78 Conwill
1942 264 147 76 376.
2133 259 304 81 Leaders:
2478 256 57 84 L.
2575 256 72 84 H.
2688 255 294 85 Gilmore,

129 361 154 70 77b,
343 361 111 70 74;
514 361 207 70 Gerta
778 363 154 69 Mae
991 366 241 69 Green,
1296 366 106 69 75;
1461 364 234 70 Arnold
1804 363 246 72 Moore,
2110 361 108 73 61;
2278 357 243 78 Estelle
2580 355 235 79 Glenn,
2875 355 106 79 81,

135 460 196 70 131b;
381 460 177 70 John
613 460 205 76 Hyde,
874 465 153 72 275,
1083 465 106 72 90;
1242 463 204 73 Alene
1495 463 334 75 Woodley,
1884 460 198 78 445b,
2133 456 343 82 Woodrow
2526 454 250 84 Hocutt,
2836 453 145 85 112,

138 562 153 69 192;
361 559 337 78 Margaret
769 562 283 75 Keeton,
1122 564 156 73 276,
1350 564 156 73 297;
1573 562 253 75 Alonzo
1896 559 288 78 Malone,
2253 558 154 79 298,
2479 555 156 82 282;
2707 550 282 87 Melissa

133 658 333 76 Woodley,
513 660 201 75 399b;
759 661 70 73 A.
879 660 66 75 B.
996 661 268 73 Keeton,
1312 663 150 72 343,
1509 663 150 72 235.

139 759 301 61 RECESS.

292 858 133 60 The
462 856 181 61 class
676 873 141 45 was
853 858 205 60 called
1095 858 295 76 together
1420 858 79 76 by
1533 858 168 76 Joey
1735 856 271 78 Gilmore
2046 852 246 82 leading
2329 865 166 69 song
2535 865 82 69 on
2653 862 171 72 page
2860 846 130 88 30b

144 958 55 60 in
247 972 291 60 memory
582 955 69 76 of
696 955 211 76 Milton
954 957 267 75 Ottwell,
1276 958 145 73 182.
1474 955 309 76 Leaders:
1831 954 148 78 Lola
2025 952 363 79 Roberson,
2436 949 151 82 511,
2643 948 144 84 187,
2841 946 148 85 137;

144 1056 219 63 Arthur
406 1054 214 72 Ward,
672 1057 153 69 388;
877 1054 271 76 Clearcy
1201 1054 337 78 Rutledge,
1591 1057 148 75 290,
1797 1056 147 76 101;
1993 1050 213 82 Edwin
2298 1047 331 85 Ballinger,

150 1159 148 69 109,
370 1158 156 70 133;
588 1155 139 73 Ora
790 1155 133 73 Lee
988 1155 273 73 Fannin,
1327 1156 154 72 212,
1548 1156 159 72 496;
1767 1152 228 76 Travis
2058 1150 277 78 Keeton,
2407 1149 148 79 190,
2628 1146 150 82 134;
2847 1143 147 85 Lisa

148 1257 306 69 Gilmore,
523 1257 151 69 142,
738 1255 159 70 383;
963 1254 205 72 Paula
1228 1254 129 72 and
1423 1252 199 78 Philip
1681 1252 306 78 Gilmore,
2050 1251 151 79 317,
2268 1246 130 84 68b
2460 1245 55 85 in
2580 1258 289 72 memory
2931 1240 66 90 of

153 1356 208 60 Milton
411 1353 268 72 Ottwell,
733 1353 151 72 70b,
936 1354 73 70 31
1074 1353 55 72 in
1182 1368 285 57 memory
1516 1351 66 73 of
1630 1351 180 75 Ruby
1860 1348 256 78 Conwill
2164 1345 129 81 and
2346 1345 54 81 in
2451 1344 205 82 honor
2701 1342 64 84 of
2808 1342 58 84 J.
2922 1341 69 85 H.

154 1453 328 78 Ballinger;
559 1452 132 79 Tim
733 1452 280 79 Gilmore
1057 1452 99 79 led
1204 1453 124 78 104
1369 1450 57 81 in
1471 1465 280 66 memory
1794 1447 66 84 of
1896 1447 192 84 those
2125 1446 142 85 who
2311 1444 166 87 have
2518 1440 255 91 passed
2815 1455 180 76 away

153 1554 186 60 since
387 1552 126 61 last
556 1567 177 60 year.

157 1651 397 63 DISMISSED
576 1651 156 63 FOR
753 1650 267 64 LUNCH.

328 1752 135 60 The
504 1752 337 60 afternoon
883 1747 268 64 session
1191 1764 141 48 was
1369 1746 205 66 called
1615 1752 64 60 to
1722 1744 183 67 order
1942 1743 78 75 by
2059 1743 129 75 Tim
2229 1740 276 78 Gilmore
2545 1737 250 81 leading
2838 1752 165 66 song

159 1867 82 45 on
279 1866 174 63 page
489 1849 180 79 345b
706 1848 127 81 and
873 1848 250 81 "Sweet
1162 1846 183 82 Hope
1467 1845 232 84 written
1740 1843 211 85 byTim
1992 1842 291 87 Gilmore.
2328 1839 94 90 He
2457 1837 151 91 then
2647 1834 349 94 presented

162 1951 204 60 Elmer
408 1948 258 63 Conwill
708 1947 142 64 with
898 1962 40 49 a
979 1945 244 66 framed
1270 1959 166 61 copy
1480 1942 66 78 of
1585 1941 315 79 "Conwill"
1944 1956 40 64 a
2025 1954 168 66 song
2238 1938 84 82 he
2361 1941 196 79 wrote
2601 1935 55 85 in
2703 1933 202 87 honer
2947 1932 64 88 of

163 2050 205 60 Elmer
415 2047 258 63 Conwill
724 2046 129 64 and
904 2044 55 66 in
1012 2059 285 60 memory
1345 2043 66 76 of
1456 2041 201 78 Ruby.
1710 2038 309 81 Leaders:
2070 2037 207 82 Elmer
2320 2034 276 85 Conwill,
2653 2035 144 84 146,
2847 2034 153 85 348;

165 2149 55 61 L.
276 2149 64 61 E.
397 2146 300 72 Hannah,
750 2146 153 72 349,
957 2146 153 72 498;
1159 2143 261 75 Johnny
1474 2140 298 78 Humber,
1825 2139 150 79 283,
2028 2139 153 79 389;
2235 2134 193 84 Marie
2479 2131 315 87 Aldridge,
2848 2131 150 87 436,

163 2250 151 69 316;
369 2245 277 73 Christie
699 2245 201 73 Allen,
955 2244 153 75 521,
1168 2244 148 75 129;
1369 2239 261 79 Warren
1684 2236 201 82 Steel,
1945 2236 145 82 131,
2145 2235 153 84 392;
2347 2232 190 87 Josie
2590 2230 202 88 Hyde,
2848 2230 151 88 361,

163 2349 153 67 220;
375 2344 234 72 Pernie
666 2341 276 75 Pelfrey,
1008 2343 148 73 155.

171 2443 295 61 RECESS.

346 2542 138 61 The
523 2541 183 63 class
747 2556 142 48 was
930 2536 207 67 called
1179 2542 64 61 to
1285 2535 187 69 order
1510 2533 81 75 by
1632 2532 178 76 Larry
1854 2529 310 79 Ballinger
2205 2526 250 82 leading
2499 2541 166 67 song
2709 2541 81 67 on
2833 2539 172 69 page

174 2646 145 57 123.
387 2643 318 60 Leaders:
772 2638 210 64 Paula
1042 2634 412 79 Springfield,
1524 2634 148 79 166,
1735 2632 154 81 380;
1956 2628 243 85 Robert
2256 2625 324 88 Aldridge,
2643 2625 151 88 371,
2860 2623 153 90 217;

174 2742 312 60 Kathleen
538 2739 318 69 Robbins,
913 2739 145 69 102,
1113 2734 153 73 37b;
1321 2733 180 75 Flora
1549 2728 265 79 Ottwell,
1866 2728 156 79 338;
2073 2725 180 82 Flora
2301 2722 243 85 Ottwell
2598 2722 126 85 and
2778 2721 238 87 Estelle

172 2841 298 69 Gilmore,
520 2839 153 70 421,
724 2838 154 72 424;
927 2833 132 76 Tim
1108 2832 126 78 and
1282 2830 169 79 Joey
1500 2829 277 81 Gilmore
1828 2826 126 84 and
2007 2824 177 85 Larry
2233 2821 313 88 Ballinger
2593 2820 99 90 led
2743 2821 129 88 566
2917 2818 96 91 for

172 2940 105 60 the
318 2937 249 76 closing
609 2950 190 63 song.
849 2932 193 81 Philip
1083 2931 279 82 Gilmore
1401 2925 351 88 dismissed
1795 2925 105 88 the
1942 2922 180 91 class
2160 2920 139 93 with
2343 2934 240 79 prayer.

172 3037 387 67 Chairman,
643 3034 136 70 Tim
858 3031 322 73 Gilmore;
1263 3027 160 78 Vice
1504 3024 384 81 Chairman,
1968 3019 178 85 Joey
2223 3018 319 87 Gilmore;
2622 3016 385 88 Secretary,

177 3136 319 76 Margaret
547 3133 271 79 Keeton.

603 3237 150 78 MR
775 3234 210 81 AND
1014 3229 234 85 MRS.
1284 3226 322 88 FRANK
1635 3220 414 94 ROGERS
2077 3217 514 97 MEMORIAL

1297 3352 313 76 Ephesus,
1642 3346 274 82 Georgia

1362 3451 207 61 March
1596 3454 55 66 5,
1687 3450 165 70 1989

379 3564 135 61 The
564 3559 238 66 annual
853 3559 256 75 Rogers
1159 3550 322 84 Memorial
1530 3547 250 87 Sacred
1831 3546 168 88 Harp
2044 3541 264 93 Singing
2352 3556 144 78 was
2544 3540 144 94 held
2734 3540 109 94 the
2890 3540 129 94 first

180 3664 264 75 Sunday
484 3663 55 76 in
585 3660 214 79 March
841 3663 66 76 at
943 3657 108 82 the
1093 3654 304 85 Ephesus
1438 3646 235 93 School
1714 3643 400 96 Auditorium.
2154 3642 135 97 The
2326 3640 180 99 class
2542 3654 139 85 was
2719 3639 204 100 called
2964 3645 63 94 to

181 3763 180 61 order
402 3763 81 75 by
528 3759 237 79 Lonnie
810 3757 255 81 Rogers
1108 3751 250 87 leading
1404 3763 208 75 songs
1656 3760 81 78 on
1779 3757 214 81 pages
2040 3742 111 96 101
2208 3738 124 100 and
2374 3738 148 100 33b.
2568 3738 133 100 The
2746 3736 279 102 morning

180 3879 220 63 prayer
432 3877 141 64 was
610 3859 99 82 led
750 3858 78 84 by
867 3855 66 87 E.
972 3853 72 88 C.
1084 3852 256 90 Bowen.
1375 3847 175 94 Jerry
1590 3841 336 100 Sheppard
1960 3840 151 102 then
2149 3838 99 103 led
2284 3852 207 90 songs
2529 3852 81 90 on
2647 3852 211 90 pages
2893 3835 129 106 37b

181 3963 123 61 and
361 3964 108 60 36.
528 3960 139 64 The
721 3957 189 67 class
963 3967 142 57 was
1161 3945 357 82 organized
1572 3943 99 84 for
1719 3942 111 85 the
1882 3939 129 88 day
2065 3937 82 90 by
2200 3936 282 91 electing
2536 3934 112 93 the
2700 3934 319 93 following

180 4063 279 60 officers:
507 4059 367 67 Chairman,
928 4051 235 75 Lonnie
1212 4050 273 76 Rogers,
1533 4042 153 84 Vice
1732 4039 361 87 Chairman,
2145 4036 64 90 B.
2260 4035 79 91 M.
2388 4035 223 91 Smith;
2658 4035 360 91 Secretary,

178 4162 214 61 Vivian
444 4162 279 76 Rogers,
772 4152 354 87 Arranging
1173 4144 408 94 Committee,
1635 4141 174 97 Mary
1855 4138 63 100 F.
1968 4137 222 102 Smith,
2241 4135 175 103 Mary
2463 4134 129 105 Lou
2640 4134 208 105 Cagle
2892 4134 130 105 and

180 4263 226 75 Sherry
448 4261 300 76 Lovvorn.
792 4251 174 87 Cecil
1008 4248 303 90 Edwards
1350 4243 100 94 led
1488 4255 208 82 songs
1734 4254 81 84 on
1855 4252 211 85 pages
2109 4236 123 102 124
2269 4234 127 103 and
2439 4234 124 103 129
2601 4233 124 105 and
2767 4233 255 105 leaders

177 4377 174 45 were
412 4357 244 64 called:
723 4354 70 67 B.
861 4351 82 70 M.
1009 4347 229 75 Smith,
1305 4345 109 76 98,
1483 4341 148 81 123,
1701 4338 151 84 137;
1918 4335 181 87 Revy
2160 4332 421 90 Williamson,
2647 4333 153 88 202,
2865 4333 156 88 208;

180 4461 238 78 Margie
463 4456 223 82 Smith,
741 4455 144 84 155,
933 4450 106 88 32;
1089 4446 64 93 E.
1200 4444 72 94 C.
1323 4443 255 96 Bowen,
1624 4438 150 100 348,
1821 4437 151 102 499;
2019 4432 211 106 Kimzy
2274 4431 225 108 Cagle,
2550 4432 142 106 100,
2739 4432 108 106 46;
2893 4431 136 108 Don

178 4561 201 72 Clark,
433 4560 147 73 136,
636 4555 147 78 182;
834 4548 183 85 Sheri
1062 4543 225 90 Webb,
1342 4542 144 91 148,
1534 4539 151 94 349;
1735 4534 270 99 Denney
2052 4531 273 102 Rogers,
2371 4531 151 102 318,
2569 4531 153 102 345;
2769 4530 262 103 George

177 4662 123 60 and
343 4657 177 64 G.W.
568 4656 276 76 Rogers,
888 4651 106 81 45,
1039 4647 100 85 97,
1186 4644 151 88 421;
1383 4641 136 91 Don
1564 4636 255 96 Bowen,
1861 4633 150 99 283,
2055 4633 150 99 517.

1563 4738 88 60 27
