3150 4950
361 273 180 61 Third
567 274 241 61 -117th
837 274 276 61 Session
1140 307 21 28 -
1186 273 241 72 Chafin,
1456 270 348 75 Harbinson
1833 265 124 79 and
1986 262 186 82 Hollis
2194 259 256 85 Singing
2478 255 124 90 and

217 375 286 63 Reunion
532 375 159 63 New
714 375 309 78 Prospect
1045 373 267 79 Church,
1339 376 42 76 3
1408 372 178 81 miles
1609 375 147 78 east
1779 367 66 85 of
1867 367 285 85 Bremen,
2179 361 150 91 Ala.,
2359 358 124 94 and
2511 354 201 99 South
2739 351 63 102 of

220 477 147 78 Hwy
391 478 105 76 69.

369 576 177 61 Third
573 610 22 27 -
624 576 100 61 Mt.
751 576 150 61 Zion
931 576 219 61 United
1179 573 336 64 Methodist
1539 568 264 70 Church,
1834 565 132 73 B.F.
1995 562 196 76 White
2218 556 238 82 Sacred
2488 556 165 82 Harp

225 678 253 79 Singing
507 711 22 46 -
553 675 289 82 Ashville,
870 675 310 82 Alabama
1206 672 217 85 (Shoal
1452 669 204 88 Creek
1678 666 208 91 Valley
1915 667 18 90 )
1960 664 87 93 St.
2077 660 174 97 Clair,
2304 658 259 99 County.

373 777 175 61 Third
577 810 21 28 -
625 775 102 63 Mt.
754 775 150 63 Zion
933 774 247 64 Church
1207 807 21 31 -
1255 772 168 66 Near
1447 769 184 75 Fyffe,
1659 766 324 78 Alabama.

378 876 312 75 Saturday
717 874 187 76 (only)
933 874 219 76 before
1201 870 217 81 Fourth
1447 868 307 82 Sunday,-
1780 865 243 85 Cotaco
2047 856 391 94 Convention
2487 888 21 63 -
2533 853 166 97 Gum
2727 847 177 103 Pond

234 979 282 76 (Morgan
544 975 268 81 County)
844 975 81 81 18
951 972 180 84 miles
1155 970 324 85 northeast
1504 967 63 88 of
1590 964 298 91 Cullman,
1915 960 325 96 Alabama.

385 1074 219 61 Fourth
631 1072 124 63 and
784 1069 312 75 Saturday
1120 1069 217 75 before
1363 1099 19 45 -
1413 1066 99 78 Mt.
1539 1065 147 79 Zion
1716 1059 331 85 Methodist
2095 1054 244 90 Church
2368 1086 19 58 -
2418 1051 96 93 Mt.
2544 1050 147 94 Zion
2722 1095 12 49 ,

237 1173 288 79 Georgia,
555 1174 40 78 8
627 1173 99 79 1/2
756 1170 175 82 miles
954 1173 162 79 west
1141 1165 63 87 of
1228 1164 351 88 Carrollton,
1611 1158 273 94 Georgia
1908 1173 81 79 on
2016 1155 163 97 Hwy.
2215 1155 94 97 16.

390 1270 217 61 Fourth
634 1303 21 28 -
684 1269 243 73 Dorsey
952 1264 207 78 Creek
1183 1263 246 79 Church
1458 1263 129 79 -15
1615 1258 174 84 miles
1816 1255 346 87 southwest
2188 1252 66 90 of
2272 1249 301 93 Cullman,

238 1371 322 70 Alabama,
589 1384 82 57 on
699 1366 148 76 Hwy
873 1366 100 76 69.

393 1470 220 61 Fourth
637 1501 24 30 -
688 1465 321 70 Hamilton,
1038 1462 322 73 Alabama,
1392 1458 234 78 Marion
1651 1456 243 79 County
1920 1450 415 85 Courthouse,
2367 1446 145 90 Hwy
2539 1446 100 90 54,
2670 1443 81 93 78

247 1572 121 61 and
396 1572 144 61 278.

397 1668 306 76 Saturday
733 1665 186 79 (only)
948 1663 217 81 before
1191 1660 102 84 5th
1321 1657 259 87 Sunday
1608 1690 19 54 -
1653 1656 219 88 Young
1903 1650 289 94 People's
2221 1644 216 100 United
2487 1639 240 105 Sacred

252 1773 162 75 Harp
460 1767 274 81 Singing.
768 1765 81 82 Mt
897 1764 297 84 Lebanon
1221 1759 264 88 Church,
1519 1756 270 91 Fayette,
1816 1752 321 96 Alabama.

400 1869 145 61 Fifth
573 1867 126 63 and
724 1864 310 73 Saturday
1059 1861 217 76 before
1305 1893 21 45 -
1351 1858 198 79 Union
1576 1852 259 85 Musical
1860 1849 243 88 Sacred
2131 1848 163 90 Harp
2319 1843 253 94 Singing

253 1969 406 63 Convention.
691 1966 334 66 Ebenezer
1047 1960 294 72 Primitive
1369 1957 234 78 Baptist
1627 1953 244 82 Church
1899 1986 21 49 -
1947 1947 393 88 intersection
2364 1944 67 91 of
2454 1942 268 93 Roberts

255 2070 124 61 and
405 2067 300 79 Spadling
732 2064 195 82 Drive,
958 2061 381 85 Dunwoody,
1371 2055 289 91 Georgia.
1713 2052 126 94 Exit
1863 2047 274 99 Georgia
2158 2049 129 97 400
2311 2050 63 96 at
2401 2038 375 108 Northridge,
2803 2052 84 94 go

256 2167 252 78 straight
532 2179 243 66 across.

409 2265 144 60 Fifth
579 2296 22 28 -
630 2263 229 72 Liberty
909 2256 433 79 (McCormick)
1395 2253 240 82 Parker,
1666 2248 184 87 Hollis
1876 2245 123 90 and
2029 2245 259 90 Putman
2317 2236 333 99 Memorial.
2679 2236 39 99 2

265 2367 97 58 1/2
391 2362 174 63 miles
592 2359 337 66 southeast
952 2356 64 69 of
1039 2353 301 72 Sumiton,
1369 2350 319 75 Alabama,
1722 2344 168 81 north
1920 2343 64 82 of
2007 2358 139 67 new
2170 2340 145 85 Hwy
2341 2338 82 87 78
2449 2350 67 75 or
2541 2332 184 93 south
2754 2329 64 96 of

261 2463 99 61 old
388 2463 145 75 Hwy
558 2463 102 75 78.

414 2560 145 61 Fifth
585 2593 21 28 -
633 2559 216 73 Lacy's
874 2553 243 79 Chapel
1144 2587 21 45 -
1189 2554 43 78 2
1261 2551 100 81 1/2
1387 2548 178 84 miles
1587 2550 160 82 west
1771 2544 64 88 of
1858 2542 310 90 Henagar,
2196 2536 307 96 Alabama
2526 2532 87 100 off

267 2661 292 78 Highway
583 2661 100 78 40.

417 2758 144 61 Fifth
588 2791 21 28 -
633 2754 402 66 Tuscaloosa
1057 2746 390 75 Community
1474 2746 232 75 Center
1729 2775 19 46 -
1776 2737 340 84 Southside
2143 2734 180 87 Lions
2350 2731 156 90 Club
2533 2730 52 91 in

270 2857 339 70 Rosedale,
639 2871 82 57 on
750 2854 186 75 Hwys
960 2853 84 76 82
1072 2850 121 79 and
1224 2851 79 78 69
1330 2845 183 84 south
1543 2844 63 85 of
1626 2839 412 90 Tuscaloosa.

418 2958 145 61 Fifth
591 2989 21 30 -
639 2953 273 79 Pilgrims
940 2952 156 81 Rest
1123 2947 292 85 Primitive
1443 2943 234 90 Baptist
1699 2938 244 94 Church
1974 2970 21 63 -
2019 2934 198 99 South
2242 2932 67 100 of
2332 2931 147 102 Hwy
2503 2931 39 102 7
2568 2934 63 99 at

271 3058 228 60 Parker
517 3057 279 70 Grocery
819 3052 292 75 between
1135 3045 234 82 Oxford
1395 3043 121 84 and
1543 3042 208 85 Water
1771 3037 226 90 Valley,
2029 3030 387 97 Mississippi.

1408 3240 378 78 AUGUST,
1821 3240 181 78 1990

426 3372 147 61 First
597 3403 19 30 -
645 3367 124 66 and
798 3364 309 75 Saturday
1131 3361 219 78 before
1375 3393 21 46 -
1423 3352 520 87 Chattahoochee
1972 3346 237 93 Sacred
2239 3346 165 93 Harp
2428 3337 388 102 Convention
2844 3369 19 70 -

274 3472 228 60 Wilson
531 3468 240 78 Chapel
801 3499 19 46 -
849 3463 351 82 Southeast
1224 3462 63 84 of
1311 3456 349 90 Carrollton,
1689 3450 289 96 Georgia.
2007 3450 154 96 Turn
2191 3445 99 100 left
2316 3442 82 103 off
2424 3441 145 105 Hwy
2593 3439 162 106 A-27
2784 3442 58 103 at

277 3573 198 58 Cross
502 3568 208 63 Plains
739 3565 150 66 road
912 3571 64 60 to
1002 3559 265 72 Church.

429 3669 150 60 First
600 3666 127 63 and
753 3663 312 72 Saturday
1089 3658 219 76 before
1332 3688 24 46 -
1377 3652 256 82 Warrior
1657 3649 178 85 River
1857 3645 241 90 Sacred
2125 3645 166 90 Harp
2316 3637 390 97 Convention
2733 3669 21 66 -

283 3771 121 58 116
430 3766 280 63 session.
736 3763 120 66 Old
883 3760 187 69 Clear
1093 3756 205 73 Creek
1324 3751 262 78 Church.
1617 3748 147 81 Hwy
1788 3748 82 81 75
1893 3751 63 78 to
1983 3744 316 85 Hwy.168,
2326 3744 145 85 east
2496 3751 81 78 on
2608 3735 145 94 Hwy

285 3870 138 60 168.
454 3865 282 78 Douglas
760 3868 63 75 to
853 3861 190 82 Boaz,
1071 3855 322 88 Alabama.
1423 3850 199 93 About
1647 3846 117 97 five
1791 3844 177 99 miles
1995 3876 18 67 -
2040 3841 244 102 second
2311 3837 288 106 blacktop
2625 3834 148 109 road
2802 3847 79 96 on

283 3969 145 78 right
453 4000 21 46 -
522 3967 175 79 three
727 3963 175 84 miles
928 3966 61 81 to
1017 3954 246 93 second
1290 3949 229 97 church
1543 3945 283 102 building.

433 4066 148 60 First
606 4096 19 30 -
655 4063 256 73 Fayette
937 4057 244 79 County
1206 4048 240 88 Annual
1473 4044 241 93 Sacred
1741 4044 163 93 Harp
1927 4038 253 99 Singing
2208 4033 417 103 Convention-
2650 4032 247 105 Brewer

277 4165 217 61 Junior
516 4162 262 76 College
807 4191 19 48 -
855 4156 274 82 Fayette,
1156 4149 324 90 Alabama.

432 4261 262 64 Second
721 4258 126 67 and
876 4252 310 73 Saturday
1212 4248 216 78 before
1455 4278 19 48 -
1504 4242 181 84 North
1713 4237 304 88 Alabama
2041 4234 238 91 Sacred
2310 4233 165 93 Harp
2497 4227 388 99 Convention
2916 4258 19 67 -

285 4366 192 61 Fuller
501 4363 363 72 Cemetery-
894 4356 147 79 Hwy
1071 4347 205 88 117-1
1308 4345 136 90 mile
1471 4341 169 94 north
1669 4339 61 96 of
1756 4338 144 97 Hwy
1927 4338 82 97 75

436 4462 259 64 Second
726 4458 123 69 and
879 4452 309 75 Saturday
1215 4447 214 79 before
1458 4477 19 49 -
1507 4443 150 84 East
1680 4438 208 88 Texas
1915 4435 238 91 Sacred
2182 4434 163 93 Harp
2370 4428 388 99 Convention
2788 4459 19 67 -

289 4570 184 60 122st
520 4561 262 69 session
811 4593 21 37 -
859 4549 391 81 Community
1279 4549 231 81 Center
1534 4539 270 91 Building
1831 4537 54 93 in
1912 4534 393 96 Henderson,
2334 4531 226 99 Texas,
2592 4527 172 103 Rusk
2788 4525 114 105 Co.

1696 4641 40 57 9
