3162 4957
193 189 319 79 Guthery;
582 195 160 73 Vice
813 199 376 73 Chairman,
1267 202 280 70 Preston
1620 199 247 73 Crider;
1939 198 426 75 Secsretary,
2443 189 207 84 Marie
2721 189 265 84 Guthrie;

192 288 346 82 Arranging
589 294 403 76 Committee,
1047 300 142 75 Billy
1237 300 319 75 Williams;
1609 298 279 76 Finance
1938 291 409 84 Committee,
2403 288 294 87 Douglas
2746 288 237 87 Howard

193 388 127 60 and
375 390 180 79 Virgil
613 393 276 79 Phillips;
949 396 327 76 Memorial
1332 394 408 78 Committee,
1797 391 231 81 Ozella
2080 388 232 84 Chafin
2370 387 130 85 and
2556 387 165 85 Aver
2772 387 210 85 Crider.

195 484 207 79 Henry
444 489 282 79 Guthery
763 493 153 75 then
961 493 99 75 led
1102 511 168 60 song
1314 510 81 61 on
1441 508 171 63 page
1653 495 148 76 450.
1849 489 306 82 Leaders:
2203 487 307 84 Florence
2554 486 256 85 Garner,
2853 493 127 78 306;

195 583 172 64 Mark
414 588 240 75 Brown,
702 594 106 70 84;
856 592 159 72 Pete
1062 594 265 70 Hames,
1378 595 103 69 68;
1528 592 246 72 Auston
1822 588 271 78 Phillips,
2149 588 147 78 124;
2346 585 154 81 Pam
2548 585 258 81 Adams,
2850 592 129 76 203;

189 684 318 64 Jeanette
571 688 352 73 Mosteller,
988 694 156 69 299;
1209 691 277 72 Hershel
1552 688 178 78 King,
1794 690 156 76 460;
2016 685 346 81 Eldagene
2427 685 366 81 Roberson,
2857 693 126 75 142;

189 783 237 63 Jethro
499 787 264 72 Collett,
838 790 160 70 417;
1074 790 172 70 Aver
1318 789 249 72 Crider,
1644 789 160 72 220;
1881 784 207 76 Marie
2164 783 297 78 Guthrie,
2541 787 156 73 280;
2773 787 210 73 Bertha

193 882 298 73 Henson,
556 888 156 70 288;
781 888 163 70 Ruth
1009 888 256 70 Walker
1327 888 127 70 and
1519 888 169 70 Aver
1747 885 243 73 Crider,
2056 886 156 72 430;
2281 885 234 73 Luther
2575 886 249 75 Parker,
2884 895 88 70 56;

195 979 271 63 Preston
523 984 238 70 Crider,
817 987 154 69 412;
1027 985 235 73 Sherry
1315 985 306 75 Guthery,
1678 985 106 75 64;
1836 982 94 78 Jill
1989 982 243 78 Nelms,
2289 985 109 75 53;
2455 984 250 76 Manilia
2758 985 211 78 Nelms,

196 1080 148 69 143;
406 1080 159 69 Unie
624 1081 66 67 B.
751 1081 292 70 Howard,
1104 1084 108 67 73;
1270 1081 163 70 Eron
1489 1080 225 72 White,
1779 1081 147 70 172;
1986 1080 207 72 Bruce
2250 1081 273 70 Coates,
2581 1084 105 69 28;
2745 1084 232 82 Beverly

192 1174 271 72 Coates,
513 1177 153 70 56b;
718 1177 207 70 Sarah
976 1177 268 72 Coates,
1296 1180 108 69 36;
1455 1179 222 73 Nancy
1728 1177 250 75 Powell,
2029 1179 153 73 566;
2232 1176 220 76 Allene
2500 1180 301 79 Stripplin,
2850 1188 124 72 535;

189 1272 171 60 Alvin
414 1275 252 70 Parker,
715 1278 108 67 48;
874 1275 64 70 B.
993 1275 66 70 B.
1113 1275 253 70 Mattox,
1416 1278 151 67 318;
1620 1275 208 75 Henry
1872 1275 322 75 Johnson,
2251 1279 145 70 111;
2445 1279 166 70 Arrie
2658 1281 309 76 Chandler,

196 1371 153 69 112;
427 1371 264 75 Aubrey
771 1372 277 73 Persall,
1126 1374 160 72 358;
1366 1372 181 73 Buell
1626 1372 216 73 Cobb,
1923 1374 246 75 Evelyn
2248 1375 288 73 Croston
2614 1378 126 70 and
2817 1380 151 78 Mary

190 1465 405 72 Stevenson,
654 1470 153 67 268,
867 1470 108 69 45;
1038 1468 145 75 Billy
1237 1468 324 75 Williams,
1620 1471 106 72 88.
1791 1470 210 75 Henry
2058 1471 286 76 Guthery
2401 1473 100 75 led
2559 1476 127 72 294
2740 1476 90 72 for
2877 1479 88 69 the

189 1563 246 76 closing
480 1579 187 61 song.
709 1564 258 76 Johnny
1012 1564 231 76 Parker
1281 1566 351 75 dismissed
1674 1566 108 75 the
1822 1567 178 73 class
2041 1569 138 72 with
2223 1584 240 63 prayer.

1273 1663 573 72 SUNDAY,JULY
1872 1668 37 67 9

411 1758 133 60 The
594 1759 390 61 convention
1033 1776 139 45 was
1222 1761 207 61 called
1480 1768 63 54 to
1594 1764 186 60 order
1830 1780 79 45 on
1962 1765 267 76 Sunday
2275 1767 141 75 with
2470 1768 202 78 Henry
2722 1771 246 78 Guthery

192 1855 258 78 leading
504 1873 172 61 song
733 1873 82 61 on
873 1873 175 63 page
1101 1861 106 75 33.
1267 1860 151 76 Ulys
1471 1861 252 75 Walker
1777 1863 100 73 led
1932 1864 109 72 the
2097 1866 283 78 morning
2436 1884 241 61 prayer.
2782 1869 178 79 Henry

190 1954 283 75 Guthery
520 1956 153 73 then
723 1956 102 73 led
871 1972 169 61 song
1089 1975 82 58 on
1222 1975 169 61 page
1446 1963 142 73 112.
1642 1962 304 75 Leaders:
1998 1963 267 73 Preston
2316 1966 229 70 Crider,
2602 1969 139 69 151;
2791 1969 58 69 B.
2892 1969 72 69 W.

187 2052 270 76 Ashley,
532 2055 150 73 186;
753 2055 255 73 Martha
1071 2056 351 73 Woodard,
1491 2061 156 70 274;
1716 2061 342 78 Eldagene
2125 2062 370 76 Roberson,
2563 2067 151 72 222;
2781 2065 183 73 Milton

189 2151 234 72 Oliver,
489 2154 156 69 224;
705 2154 268 76 Tommy
1036 2155 211 75 Creel,
1312 2158 106 72 37;
1480 2158 183 78 Virgil
1728 2160 276 78 Phillips,
2076 2163 147 75 189;
2281 2163 319 75 Thurman
2665 2164 145 73 Nail,
2872 2169 84 69 68;

192 2248 187 76 Lydia
426 2250 319 75 Braswell,
795 2254 106 70 46;
952 2251 309 73 Freeman
1311 2256 124 69 and
1480 2257 199 67 Jewel
1726 2257 315 73 Wootten,
2089 2262 145 70 379,
2283 2263 150 69 282;
2484 2262 325 70 Lawrence
2853 2265 103 67 and

190 2347 147 58 Lula
385 2347 424 73 Underwood,
856 2352 150 70 434,
1054 2355 150 69 300;
1255 2353 214 70 Flarce
1515 2355 207 72 Creel,
1768 2359 148 67 269.

190 2443 298 63 RECESS.

349 2542 132 60 The
519 2545 178 58 class
736 2547 300 58 resumed
1072 2548 246 78 singing
1356 2550 136 76 with
1533 2550 204 76 Henry
1773 2553 274 75 Guthery
2085 2553 244 78 leading
2368 2571 162 60 song
2569 2571 78 60 on
2686 2571 157 61 page
2877 2557 79 75 97.

190 2640 315 61 Leaders:
574 2643 148 75 Billy
781 2644 130 73 Joe
976 2644 235 73 Harris,
1278 2649 108 69 40;
1452 2647 237 75 Evelyn
1756 2649 234 73 Harris,
2053 2652 154 70 378;
2269 2652 189 73 Terry
2521 2652 241 73 Hullett,
2827 2653 124 72 142;

187 2737 336 61 Charolett
583 2739 244 73 Hinkle,
892 2743 151 70 430;
1110 2743 169 75 Mary
1342 2745 313 73 Gardner,
1720 2748 151 70 234;
1935 2746 184 72 Ester
2175 2746 175 72 Wall,
2415 2751 148 69 522;
2626 2749 93 70 Dr.
2781 2748 171 75 Doyle

186 2835 319 72 Williams,
556 2839 106 69 84;
715 2839 252 69 Brenda
1015 2841 226 67 Chafin
1290 2842 126 66 and
1464 2842 213 66 Telisa
1722 2844 246 70 Chafin,
2023 2847 142 69 192,
2215 2848 150 67 354;
2410 2847 175 75 Jerry
2632 2845 322 79 Sheppard,

184 2935 156 70 304;
402 2935 141 70 Don
603 2935 369 75 Roberson,
1036 2940 147 70 100;
1245 2940 268 70 Randall
1572 2940 222 72 Smith,
1860 2944 147 69 137;
2061 2943 123 70 Jim
2242 2943 274 72 Carnes,
2581 2946 141 69 162;
2779 2943 171 73 Cindy

187 3033 318 72 Franklin,
577 3036 157 70 383;
805 3036 363 70 Willodean
1240 3037 258 70 Barton,
1570 3040 157 69 454;
1801 3040 312 76 Imogene
2187 3042 244 75 Nelms,
2508 3043 145 73 171;
2721 3040 234 76 Tressie

184 3132 259 72 Adkins,
495 3135 102 70 78,
651 3133 160 76 Hoyt
858 3135 297 75 Renfroe.

187 3229 297 64 RECESS.

384 3331 270 60 Preston
703 3333 216 58 Crider
963 3331 265 78 brought
1272 3333 105 76 the
1422 3333 177 76 class
1644 3334 294 76 together
1983 3336 250 78 leading
2281 3354 165 61 song
2493 3354 81 61 on
2619 3352 162 63 page
2827 3336 118 79 163.

186 3429 321 61 Leaders:
585 3430 198 75 Harry
853 3430 268 75 Allison,
1195 3433 157 72 335;
1426 3430 180 75 Cecil
1680 3432 324 73 Gilliland,
2077 3436 156 69 478.
2308 3436 75 69 At
2454 3436 127 69 this
2650 3436 144 69 time
2857 3432 91 73 the

184 3528 319 60 memorial
544 3528 220 60 lesson
801 3544 136 43 was
976 3528 157 60 held.
1207 3528 112 60 We
1354 3528 151 60 wish
1543 3534 61 54 to
1639 3529 294 60 dedicate
1971 3547 40 43 a
2049 3532 222 61 lesson
2311 3534 52 60 in
2404 3549 271 60 memory
2712 3532 58 76 of
2803 3528 150 81 loved

183 3642 168 45 ones
399 3627 126 60 and
570 3627 240 60 friends
852 3627 142 60 who
1038 3642 168 45 were
1251 3625 253 78 singers
1549 3627 126 76 and
1725 3627 208 76 lovers
1978 3630 64 73 of
2085 3631 247 72 Sacred
2383 3633 166 76 Harp
2593 3630 208 79 music.
2845 3627 108 82 The

180 3726 346 58 deceased
576 3741 195 43 were:
820 3724 204 60 Addie
1075 3724 310 69 Sanders,
1438 3724 202 69 Annie
1693 3724 258 79 Harper,
2008 3729 183 78 Ruby
2242 3730 276 76 Conwill,
2569 3730 162 76 Vera
2779 3726 171 81 Nunn,

178 3822 232 63 Arnold
469 3823 211 72 Creel,
745 3823 202 76 Ralph
1005 3822 265 78 Adams,
1332 3822 207 78 Harlie
1596 3823 237 76 Gutrie,
1897 3825 238 75 Marvin
2196 3828 282 78 Hopper,
2539 3828 150 78 Buel
2742 3826 202 79 Aaron,

180 3922 213 60 Carrie
433 3922 219 70 White,
702 3921 208 76 Grady
954 3919 334 78 Chandler,
1330 3919 252 78 Johnny
1626 3921 364 76 Galbreath,
2040 3925 210 72 Monie
2295 3928 126 69 Lee
2460 3928 219 69 Oliver,
2727 3921 219 79 Maggie

180 4021 274 70 Parrish,
519 4020 181 72 Delia
757 4020 306 75 Stallings
1171 4018 126 76 and
1357 4017 237 78 Lemon
1654 4018 276 76 Calvert.
1993 4023 289 72 Leaders
2340 4026 96 69 for
2490 4027 108 67 the
2655 4017 291 78 memorial

175 4119 271 70 follows;
502 4119 174 70 Buell
730 4117 204 72 Cobb,
991 4119 147 70 349,
1195 4117 105 72 69;
1353 4116 171 73 Alvin
1581 4116 250 73 Parker,
1887 4122 105 69 47,
2046 4123 154 70 499;
2254 4125 166 69 Aver
2470 4125 217 69 Crider
2736 4120 91 73 led
2874 4119 76 75 for

175 4216 109 60 the
345 4216 139 61 sick
543 4216 129 61 and
732 4215 306 69 shut-ins,
1099 4215 150 69 340.
1312 4212 133 72 The
1509 4215 327 69 memorial
1896 4218 234 66 closed
2190 4221 144 63 with
2394 4239 232 60 prayer
2682 4222 75 76 by
2812 4218 132 81 Rev.

175 4315 273 60 Charles
495 4314 204 61 Creel.
751 4312 303 63 Leaders:
1102 4311 234 64 Estelle
1383 4311 247 76 Napier,
1680 4314 148 73 283;
1878 4315 241 72 Cassie
2166 4317 301 75 Franklin,
2521 4323 144 69 166;
2710 4315 237 76 Charles

174 4411 213 72 Creel,
447 4414 156 69 218;
666 4411 183 75 Ruby
909 4408 276 78 Phillips,
1246 4410 108 76 31;
1410 4408 96 78 Jill
1569 4407 243 79 Nelms,
1873 4414 156 72 212;
2086 4416 316 70 Jeanette
2466 4419 324 67 Mosteller
2841 4408 106 78 and

174 4510 292 70 Melissa,
483 4512 144 69 128,
688 4512 153 69 318;
901 4507 156 73 Pam
1114 4506 265 75 Adams,
1447 4509 145 72 196;
1647 4507 249 78 Jeffery
1951 4512 321 75 Wootten,
2337 4516 201 70 David
2596 4507 354 79 Townsend,

169 4609 151 70 28b;
367 4609 166 70 Elsie
579 4608 297 75 Beasley,
922 4608 105 75 48;
1072 4605 267 78 Charles
1420 4605 124 78 and
1593 4605 162 78 Lacy
1797 4608 237 75 Stiefel,
2080 4614 148 70 448,
2275 4617 150 67 401.

1519 4705 118 60 100
