3150 4948
136 183 265 73 Patrick,
453 186 108 70 56;
613 184 196 72 Merle
859 184 232 72 Mixon,
1141 186 151 70 537;
1341 184 69 72 S.
1456 183 67 73 T.
1576 180 205 76 Reed,
1830 181 151 75 430;
2032 178 139 78 Bro.
2223 171 391 85 Schumack,
2664 171 151 85 563;
2860 166 129 90 Joe

139 285 156 72 Nail,
358 286 157 70 518;
580 285 141 72 Doc
780 283 402 73 Schumack,
1243 286 156 70 572;
1461 282 244 75 Robert
1759 279 274 78 Walker,
2095 277 108 79 72;
2265 274 175 82 Mary
2497 270 274 87 Walker,
2833 268 154 88 544;

139 385 273 75 Stanley
463 384 228 76 Smith,
747 387 153 73 522.

144 484 399 63 DISMISSED
568 484 154 63 FOR
744 484 267 63 LUNCH.

331 585 180 76 Virgil
562 583 253 78 Phillips
861 583 456 78 reassembled
1360 583 109 78 the
1513 582 180 79 class
1738 577 252 84 leading
2074 591 42 70 a
2155 589 189 72 song.
2392 571 307 90 Leaders:
2742 565 258 96 William

148 685 244 69 Green,
460 685 154 69 128;
672 682 178 72 John
912 682 282 72 Merrett,
1254 684 157 70 288;
1474 679 165 75 Kate
1698 678 277 76 Merrett,
2043 675 151 79 196;
2254 669 211 85 Runie
2524 667 259 87 Glover,
2851 666 150 88 168,

154 786 151 70 153;
381 781 277 75 Lurlean
732 781 243 75 Heath,
1047 783 159 73 532;
1278 780 244 76 Marlyn
1597 777 303 79 McHarg,
1974 774 157 82 582;
2200 769 330 87 Thurman
2602 763 162 93 Nail,
2836 763 159 93 502;

151 883 294 63 Tommie
510 882 345 76 Spurlock,
922 883 154 75 574,
1141 882 156 76 264;
1363 877 274 81 Stanley
1699 874 225 84 Smith,
1987 874 157 84 225,
2208 868 204 90 331b;
2472 865 175 93 John
2713 864 280 94 Merrett,

160 985 147 70 127;
361 982 184 73 Beau
600 981 268 75 Patrick,
922 982 153 73 367.
1126 979 54 76 A
1230 978 319 78 business
1597 975 273 81 session
1917 988 144 67 was
2112 969 147 87 held
2308 973 66 82 to
2422 966 172 90 elect
2644 963 225 93 officer
2914 961 96 94 for

162 1086 189 58 1990.
405 1083 51 61 A
505 1080 238 64 motion
792 1096 144 48 was
987 1080 195 64 made
1230 1084 64 60 to
1347 1077 195 67 retain
1593 1075 108 69 the
1749 1089 192 55 same
1990 1069 279 75 officers.
2320 1065 178 79 Virgil
2551 1063 255 81 Phillips
2854 1060 151 84 then

160 1182 99 61 led
297 1197 166 61 song
504 1195 82 63 on
625 1195 174 63 page
834 1179 177 79 377b
1080 1179 127 79 and
1243 1177 108 81 the
1386 1176 178 82 class
1599 1188 139 70 was
1771 1170 351 88 dismissed
2157 1167 138 91 with
2332 1179 240 79 prayer.

163 1281 370 70 Chairman,
592 1278 184 76 Virgil
835 1278 283 76 Phillips;
1171 1276 159 78 Vice
1384 1273 372 81 Chairman,
1810 1270 90 84 W.
1963 1269 78 85 M.
2103 1267 241 87 Green;
2400 1264 370 90 Secretary,
2827 1257 175 97 Alice

166 1381 282 75 Mosley.

283 1482 849 85 SOUTHWESTERN
1162 1477 412 90 BAPTIST
1599 1473 517 94 SEMINARY
2142 1467 409 100 SACRED
2584 1464 268 103 HARP

1392 1605 408 85 SINGING

1287 1735 136 60 Fort
1443 1732 225 72 Worth,
1693 1731 213 73 Texas

1293 1836 277 73 January
1596 1831 297 78 28,1989

363 1942 136 61 The
541 1941 130 63 fifth
720 1938 237 66 annual
1002 1935 250 78 singing
1300 1941 63 72 at
1405 1932 486 81 Southwestern
1939 1926 243 87 Baptist
2223 1920 409 93 Theological
2676 1917 336 96 Seminary

175 2059 138 43 was
354 2041 262 76 opened
654 2038 144 79 with
840 2035 364 82 Chairman,
1245 2032 256 85 William
1537 2029 58 88 J.
1644 2026 324 91 Reynolds
2011 2023 252 94 leading
2304 2037 208 81 songs
2551 2035 82 82 on
2676 2032 213 85 pages
2929 2017 82 100 59

180 2143 123 58 and
342 2142 147 60 49b.
568 2139 232 72 Prayer
834 2151 141 60 was
1015 2133 99 78 led
1155 2133 79 78 by
1275 2131 96 79 Dr.
1416 2130 133 81 Ray
1588 2127 217 84 Luper.
1849 2125 94 85 Dr.
1989 2121 324 90 Reynolds
2353 2118 96 93 led
2524 2131 163 79 song
2730 2130 81 81 on
2851 2128 171 82 page

178 2242 103 57 40.
334 2238 132 61 Tim
517 2233 309 72 Studstill,
880 2232 331 73 chairman
1261 2229 69 76 of
1374 2227 111 78 the
1536 2223 339 82 arranging
1924 2220 372 85 committee
2347 2217 100 88 led
2497 2217 151 88 314.
2704 2212 310 93 Leaders:

180 2340 237 58 James
481 2335 79 63 M.
628 2332 255 70 Canfill,
948 2332 109 70 47,
1120 2328 154 75 36b;
1339 2328 180 75 Avon
1587 2323 214 79 Miller,
1867 2323 103 79 70,
2037 2320 154 82 462;
2257 2317 97 85 Dr.
2424 2314 129 88 Fay
2617 2313 225 90 Luper,
2907 2311 109 91 81;

186 2437 231 60 Esther
469 2433 334 73 Huckaby,
862 2430 318 76 358,354;
1240 2424 294 82 Kenneth
1594 2421 172 85 Puis,
1828 2421 144 85 159,
2035 2418 148 88 106;
2242 2415 169 91 Leon
2472 2410 333 96 Ballinger,
2862 2412 153 94 300,

183 2538 165 58 405.

189 2634 295 61 RECESS.

351 2731 255 61 William
645 2728 57 64 J.
748 2724 328 78 Reynolds
1116 2721 202 81 called
1360 2719 105 82 the
1504 2718 180 84 class
1722 2713 292 88 together
2050 2710 250 91 leading
2341 2722 165 79 song
2548 2721 79 81 on
2671 2719 169 82 page
2884 2704 142 97 155.

190 2832 309 61 Leaders:
553 2829 193 64 Gene
801 2823 252 70 Rivard,
1105 2823 108 70 49,
1266 2821 111 72 45;
1429 2817 177 76 Myra
1657 2814 270 79 Palmer,
1980 2812 154 81 318,
2185 2809 154 84 436;
2394 2806 147 87 Mrs.
2599 2805 55 88 L.
2709 2803 69 90 V.
2833 2802 186 91 Cate,

189 2934 148 69 445,
402 2931 150 72 176;
612 2925 148 78 Myrl
814 2925 237 78 Jones,
1111 2922 153 81 332,
1329 2919 148 84 142;
1536 2914 271 88 Lawson
1864 2908 225 94 Smith,
2152 2908 145 94 143,
2362 2905 147 97 112;
2566 2902 67 100 A.
2691 2901 70 102 A.
2821 2898 201 105 Smith

187 3031 108 70 Jr.,
358 3031 148 70 129,
564 3028 156 73 285;
781 3024 207 78 Laura
1044 3016 529 85 Ferrell,147,64;
1632 3012 172 90 Leon
1863 3007 337 94 Ballinger,
2262 3006 147 96 168,
2467 3003 153 99 222;
2679 3000 97 102 Dr.
2838 2998 186 103 Doug

193 3129 277 60 Dickens
513 3126 102 63 led
658 3124 55 64 in
757 3136 244 64 prayer.

195 3225 393 63 DISMISSED
613 3223 151 64 FOR
787 3217 265 70 LUNCH.

348 3327 133 60 The
519 3324 334 63 afternoon
891 3316 267 70 session
1192 3328 141 58 was
1369 3309 201 78 called
1608 3315 64 72 to
1710 3307 181 79 order
1924 3304 79 82 by
2038 3301 253 85 William
2323 3300 58 87 J.
2422 3295 327 91 Reynolds
2787 3294 247 93 leading

193 3442 168 61 song
408 3441 82 63 on
535 3438 177 66 page
756 3423 105 81 58.
912 3415 310 88 Leaders:
1266 3412 130 91 Tim
1440 3406 301 97 Studstill,
1788 3406 106 97 73;
1941 3402 189 102 Floyd
2175 3400 279 103 Screws,
2500 3397 153 106 274;
2698 3396 106 108 77;
2848 3393 189 111 Gene

199 3525 250 70 Rivard,
517 3525 150 70 145;
733 3519 148 76 Myrl
939 3517 240 78 Jones,
1243 3513 153 82 277,
1459 3510 153 85 335;
1669 3505 240 90 James
1969 3501 79 94 M.
2115 3496 276 99 Cranfill,
2454 3496 108 99 38,
2628 3495 148 100 186;
2836 3492 69 103 A.
2968 3492 67 103 A.

198 3625 349 70 Smith,Jr.,
618 3621 156 75 314,
844 3618 157 78 373;
1071 3613 181 82 Myra
1318 3609 277 87 Palmer,
1663 3604 156 91 441,
1891 3603 156 93 100;
2112 3598 184 97 Avon
2365 3594 219 102 Miller,
2652 3592 156 103 551,
2875 3591 156 105 487;

198 3723 289 61 Kenneth
531 3720 174 70 Puis,
748 3718 106 72 72,
898 3715 108 75 68;
1048 3712 268 78 Lawson
1360 3705 219 85 Smith,
1623 3703 105 87 67,
1774 3702 147 88 108;
1963 3697 99 93 Dr.
2110 3693 324 97 Reynolds
2478 3691 99 99 led
2619 3690 106 100 the
2766 3688 178 102 class
2988 3687 52 103 in

196 3823 247 78 singing
496 3823 126 78 196
667 3816 127 85 and
841 3817 105 84 53.
994 3811 135 90 The
1171 3808 181 93 class
1393 3820 139 81 was
1576 3798 354 103 dismissed
1971 3795 142 106 with
2160 3807 225 94 prayer
2427 3790 81 111 by
2551 3790 189 111 Gene
2788 3786 241 115 Rivard.

195 3922 135 61 The
384 3921 166 63 sixth
609 3915 241 69 annual
906 3910 271 76 Singing
1236 3912 61 75 at
1351 3903 499 84 Southwestern
1906 3892 250 94 Baptist
2206 3886 420 100 Theological
2680 3885 358 102 Seminary,

199 4021 136 60 Fort
375 4018 235 70 Worth,
657 4015 219 73 Texas
922 4060 15 28 ,
981 4008 109 81 will
1137 4008 85 81 be
1267 4003 145 85 held
1459 4017 81 72 on
1588 3996 336 93 Saturday,
1969 3993 286 96 January
2298 3990 103 99 27,
2454 3988 189 100 1990.

198 4120 363 67 Chairman,
609 4113 259 75 William
910 4108 58 79 J.
1021 4102 349 85 Reynolds;
1417 4101 363 87 Secretary,
1828 4093 190 94 Gene
2065 4087 244 100 Rivard.

1207 4203 399 84 LIBERTY
1630 4195 415 91 CHURCH

1302 4332 310 73 Henagar,
1641 4326 307 79 Alabama

1312 4431 276 72 January
1615 4428 100 75 29,
1750 4425 163 78 1989

358 4551 136 60 The
534 4542 235 69 annual
813 4534 246 76 Sacred
1102 4533 166 78 Harp
1306 4528 247 82 singing
1593 4524 147 87 held
1777 4522 106 88 the
1920 4521 130 90 first
2085 4516 126 94 fifth
2250 4513 265 97 Sunday
2553 4512 57 99 in
2646 4512 108 99 the
2790 4527 156 84 year
2983 4518 61 93 at

198 4651 238 75 Liberty
475 4641 256 85 Church
771 4653 142 73 was
951 4632 208 94 called
1198 4636 66 90 to
1302 4627 189 99 order
1524 4623 139 103 with
1707 4620 195 106 David
1948 4618 139 108 Ivey
2128 4614 252 112 leading
2418 4614 87 112 82
2544 4611 126 115 and
2710 4611 148 115 47b.
2901 4609 135 117 The

1593 4725 79 57 19
