3183 4971
195 213 223 63 prayer
453 214 138 61 was
633 199 97 76 led
772 199 78 78 by
891 199 267 78 Charles
1198 198 204 79 Creel.
1446 196 220 81 Velton
1707 198 222 79 Chafin
1971 198 151 79 then
2167 196 97 81 led
2307 210 210 67 songs
2557 211 82 66 on
2680 211 202 66 pages
2917 207 69 70 52

196 297 123 61 and
372 300 103 58 56.
528 298 306 63 Leaders:
886 298 175 63 Ethel
1110 298 310 70 Childers,
1471 298 148 70 314,
1672 297 148 72 217;
1872 297 211 72 Aaron
2136 295 268 73 Keeton,
2457 297 150 72 388,
2659 297 145 72 328,
2853 301 127 75 317;

196 396 265 61 Gertrud
511 397 222 70 Wood,
789 399 142 70 110,
988 399 145 70 137;
1182 397 153 72 Tom
1387 396 259 78 Harper,
1696 397 148 76 434,
1894 396 150 78 436,
2097 396 153 78 411;
2302 393 184 81 Ruby
2535 393 270 81 Phillips,
2851 400 126 75 331,

193 496 151 69 345;
400 495 211 70 Esslie
661 495 274 72 Calvert,
990 498 148 69 206,
1192 496 103 70 32.

198 592 292 63 RECESS.

372 693 267 61 Preston
681 691 216 63 Crider
933 693 267 78 brought
1237 693 106 78 the
1383 693 178 78 class
1600 691 292 79 together
1932 691 252 79 leading
2227 706 210 64 songs
2479 706 81 64 on
2604 708 207 63 pages
2847 697 126 75 324,

195 792 147 69 332,
400 793 148 67 522.
609 792 307 69 Leaders:
969 792 262 69 Tressie
1287 792 258 70 Adkins,
1608 793 145 69 187,
1809 792 148 70 432,
2017 793 106 69 78;
2184 790 240 72 Robert
2476 789 313 81 Aldridge,
2844 798 129 73 441;

193 888 196 60 Trixie
444 889 337 72 Vandiver,
841 892 103 69 77,
1003 891 151 70 68b;
1213 889 210 72 Milton
1479 889 231 72 Oliver,
1774 891 144 70 171,
1978 891 156 70 318;
2193 889 232 72 Pernie
2482 889 270 78 Pelfrey,
2806 895 169 75 275b,

192 985 199 60 Jesus
429 985 150 63 Died
618 987 111 61 For
763 985 120 63 Me.

196 1083 292 61 RECESS.

349 1179 132 61 The
516 1182 175 58 class
730 1182 295 61 resumed
1065 1183 241 76 singing
1345 1183 136 76 with
1519 1183 264 76 Cynthia
1822 1183 274 76 Franklin
2137 1183 246 78 leading
2425 1201 205 63 songs
2668 1203 78 61 on
2785 1203 183 63 pages

190 1278 196 69 399b,
444 1279 130 67 389
631 1279 127 67 and
820 1282 142 64 100.
1026 1279 307 67 Leaders:
1393 1281 274 66 Charles
1725 1281 211 70 Creel,
1995 1284 106 67 84,
2166 1284 147 69 174,
2373 1284 153 69 569;
2584 1284 138 69 S.T.
2784 1284 180 76 Reed,

190 1375 148 67 495,
388 1377 148 67 418,
589 1377 150 67 417;
787 1374 334 70 Woodrow
1170 1377 246 70 Hocutt,
1473 1380 142 67 189,
1674 1380 145 67 192;
1872 1377 148 70 Mae
2071 1380 336 73 Seymour,
2460 1381 150 72 208,
2659 1384 144 69 460.

195 1468 387 63 DISMISSED
606 1471 147 60 FOR
775 1471 258 61 LUNCH.

381 1566 132 60 The
561 1567 328 61 afternoon
934 1570 265 58 session
1243 1585 138 43 was
1425 1572 270 76 brought
1737 1573 295 75 together
2073 1573 81 75 by
2197 1573 223 75 Velton
2467 1575 223 73 Chafin
2737 1576 223 81 leading

190 1677 165 63 song
412 1678 81 61 on
549 1678 172 63 page
775 1665 103 76 76.
984 1666 48 75 A
1084 1666 315 75 business
1455 1668 267 73 session
1774 1684 141 57 was
1972 1669 145 72 held
2172 1677 66 64 to
2290 1671 172 70 elect
2514 1672 109 69 the
2673 1672 288 82 following

189 1758 294 61 officers:
561 1759 378 73 Chiarman,
1020 1764 283 69 Preston
1381 1765 247 72 Crider;
1707 1767 157 70 Vice
1942 1768 382 72 Chairman,
2406 1770 286 70 Charles
2763 1773 196 73 Creel;

189 1855 360 76 Secretary,
607 1858 172 73 Edith
834 1860 178 72 Tate;
1065 1861 345 78 Arranging
1464 1863 406 76 Committee,
1927 1866 273 75 Cynthia
2253 1867 283 73 Franklin
2590 1870 124 70 and
2766 1870 201 70 Ozella

187 1953 247 70 Chafin;
489 1954 321 69 Memorial
862 1957 399 72 Committee,
1318 1960 193 69 Marie
1558 1962 318 76 Aldridge;
1929 1963 282 75 Finance
2260 1965 403 73 Committee,
2716 1968 241 70 Vernice

187 2049 249 60 Calvert
486 2050 127 60 and
663 2052 250 61 Wanda
960 2055 244 76 Capps.
1260 2056 297 78 Locating
1609 2059 402 75 Committee,
2068 2061 78 73 M.
2203 2062 69 72 H.
2328 2064 126 70 and
2508 2064 214 70 Flarce
2772 2064 183 70 Creel.

189 2145 262 61 Preston
495 2148 214 61 Crider
747 2149 148 61 then
940 2151 97 61 led
1078 2169 166 63 song
1290 2170 79 61 on
1413 2170 169 61 page
1624 2157 103 75 88.
1774 2157 303 75 Leaders:
2119 2158 174 78 Virgil
2340 2160 265 78 Phillips,
2650 2164 141 73 222,
2833 2166 127 72 212;

183 2242 166 60 Aver
402 2244 237 72 Crider,
696 2250 150 67 430,
904 2250 150 70 224,
1113 2253 153 69 448;
1323 2251 273 70 Vernice
1653 2254 273 72 Calvert,
1986 2259 151 70 349,
2199 2260 151 69 530;
2413 2259 195 70 Marie
2662 2260 289 78 Aldridge,

184 2341 127 58 269
369 2341 93 60 for
519 2343 207 61 Lucile
780 2343 271 75 Tolbert,
1120 2350 142 69 193,
1321 2352 151 70 316;
1536 2352 274 70 Charles
1870 2352 327 75 Kitchens,
2260 2355 150 73 37b,
2473 2359 100 70 90,
2638 2361 100 69 97;
2797 2358 156 72 Edith

181 2437 175 72 Tate,
415 2442 142 69 155,
610 2443 148 69 371,
811 2446 150 67 512;
1015 2443 169 78 Mary
1236 2446 307 75 Gardner,
1596 2452 148 69 402,
1797 2452 150 70 234,
1999 2455 153 69 385;
2206 2454 157 70 Furn
2419 2455 316 72 Kitchens,
2785 2458 171 69 448b,

187 2536 141 67 175,
388 2538 151 69 242;
598 2538 253 69 Brenda
904 2541 250 72 Chafin,
1218 2547 144 67 186,
1419 2548 150 67 282,
1630 2548 147 70 172;
1839 2550 169 75 Mary
2064 2551 315 73 Gardner,
2443 2556 145 69 181;
2644 2554 309 70 Woodrow

184 2629 240 72 Hocutt,
477 2635 142 67 142;
664 2635 222 67 Ozella
930 2638 241 70 Chafin,
1219 2641 145 69 200,
1417 2644 97 67 12,
1558 2646 151 69 438;
1756 2646 265 69 Preston
2070 2649 217 66 Crider
2329 2650 99 64 led
2472 2665 163 61 song
2680 2667 76 60 on
2800 2667 151 60 page

186 2727 121 57 146
351 2727 93 58 for
484 2728 106 60 the
636 2730 243 78 closing
925 2748 186 61 song.
1161 2736 132 73 The
1338 2737 177 72 class
1560 2755 136 54 was
1741 2742 352 67 dismissed
2137 2745 141 64 with
2325 2761 226 61 prayer
2593 2746 73 76 by
2715 2748 243 75 Charles

181 2820 210 61 Creel.

1146 2928 322 75 SUNDAY,
1495 2932 456 70 SEPTEMBER
1972 2938 40 64 3

330 3013 129 61 The
498 3016 258 78 Sunday
789 3022 261 72 session
1084 3039 138 55 was
1257 3025 262 78 brought
1552 3031 288 75 together
1875 3033 78 75 by
1989 3034 264 73 Preston
2292 3036 211 72 Crider
2538 3037 238 76 leading
2809 3052 144 61 song

178 3126 79 43 on
304 3127 169 61 page
517 3115 103 73 32.
666 3115 133 73 The
844 3120 279 78 morning
1167 3138 226 60 prayer
1431 3141 136 57 was
1615 3127 97 70 led
1759 3129 78 75 by
1882 3129 270 75 Charles
2197 3133 205 70 Creel.
2452 3135 262 69 Preston
2758 3133 192 70 Crider

177 3207 150 60 then
376 3210 97 60 led
522 3226 165 63 song
736 3228 79 61 on
864 3231 171 63 page
1081 3220 148 73 421.
1281 3220 301 73 Leaders:
1635 3226 270 67 Charles
1953 3229 204 72 Creel,
2215 3234 141 70 114,
2413 3235 139 69 110,
2610 3235 138 69 101;
2796 3231 150 73 Cecil

177 3304 316 73 Sanders,
559 3310 144 70 146,
762 3313 151 70 217;
973 3315 268 69 Gertrud
1300 3319 225 73 Wood,
1584 3325 151 69 203,
1795 3328 153 69 215;
2008 3328 262 69 Corene
2328 3330 223 72 White,
2608 3334 147 67 314,
2811 3331 135 70 403;

178 3402 175 61 Ethel
406 3405 310 73 Childers,
774 3409 148 72 300,
976 3414 153 70 373;
1182 3415 208 69 Aaron
1447 3418 267 75 Keeton,
1776 3426 144 69 179,
1975 3427 151 70 340,
2182 3430 106 69 89;
2346 3427 156 72 Unie
2557 3429 64 70 B.
2679 3426 265 73 Howard,

180 3501 142 70 163,
376 3504 151 70 383;
583 3505 216 69 Flarce
852 3510 208 70 Creel,
1116 3516 147 69 546,
1317 3517 151 72 318;
1521 3519 178 76 Virgil
1753 3522 274 78 Phillips,
2082 3526 150 73 389,
2293 3528 142 72 189.

177 3597 292 63 RECESS.

354 3697 132 60 The
526 3700 178 60 class
747 3706 447 61 reassembled
1234 3711 138 60 with
1416 3712 267 64 Preston
1726 3717 217 63 Crider
1984 3720 249 79 leading
2277 3739 166 61 song
2488 3741 79 60 on
2611 3739 165 63 page
2820 3723 123 79 138.

175 3792 307 64 Leaders:
541 3796 256 66 Brenda
853 3802 249 73 Chafin,
1161 3810 150 69 434,
1369 3813 153 69 436;
1581 3814 186 67 Carol
1827 3817 262 72 Fannin,
2151 3822 150 70 72b,
2362 3822 274 70 Earnest
2692 3820 249 76 Phillips,

172 3892 145 69 236,
373 3895 148 69 234;
576 3895 160 69 Eron
786 3897 220 75 White,
1060 3906 147 69 273,
1261 3909 150 69 384;
1461 3909 264 78 Tommy
1777 3915 205 72 Creel,
2037 3919 102 69 73,
2193 3921 151 69 212;
2398 3921 232 69 Bertha
2679 3919 262 70 Henson,

175 3988 142 69 170,
370 3990 103 69 77;
522 3991 250 76 Aubrey
823 3996 256 73 Fannin,
1131 4003 148 69 358,
1335 4006 100 66 64.

171 4081 292 64 RECESS.

385 4183 130 60 The
540 4186 174 61 class
736 4204 135 46 was
918 4191 258 81 brought
1200 4200 282 75 together
1504 4201 78 75 by
1608 4203 261 73 Charles
1894 4204 178 72 Creel
2101 4209 243 79 leading
2371 4227 162 63 song
2560 4227 79 63 on
2665 4224 159 66 page

417 4284 136 60 198.
586 4284 291 66 Leaders:
900 4290 195 63 Jewel
1120 4293 300 76 Wootten,
1452 4299 141 72 222,
1623 4302 144 72 224;
1792 4303 162 70 Aver
1975 4306 225 72 Crider,
2227 4311 315 70 220,192.
2572 4311 126 70 The

327 4381 309 61 memorial
666 4384 214 63 lesson
904 4405 135 45 was
1066 4392 138 61 held
1230 4395 132 60 with
1393 4396 186 61 Marie
1603 4399 280 79 Aldridge
1911 4405 250 78 reading
2190 4423 39 60 a
2254 4423 189 61 poem
2469 4408 319 78 "Crossing

256 4474 130 61 The
417 4477 157 64 Bar".
604 4482 130 61 She
760 4483 145 63 then
936 4489 145 60 read
1108 4491 103 61 the
1240 4509 223 48 names
1491 4497 61 60 of
1600 4497 174 63 loved
1804 4516 162 45 ones
1992 4504 124 60 and
2145 4504 202 63 lovers
2371 4507 66 60 of
2458 4507 235 63 Sacred
2724 4506 148 76 Harp

328 4578 195 61 music
547 4579 139 63 who
715 4582 159 63 have
901 4587 247 79 already
1173 4594 265 72 crossed
1465 4596 102 70 the
1596 4596 123 70 bar.
1752 4599 169 67 Elma
1948 4600 309 76 Kitchens,
2286 4606 196 70 Annie
2509 4608 243 78 Harper,

1494 4696 121 58 140
