3165 4959
207 187 294 63 RECESS.

345 288 133 61 The
510 289 177 61 class
715 304 139 46 was
885 289 201 61 called
1119 289 289 79 together
1438 289 78 79 by
1549 286 261 82 Shelton
1842 283 381 85 Williamson
2262 277 249 91 leading
2545 286 168 82 song
2751 286 78 82 on
2859 291 135 78 page

208 390 142 58 159.
399 388 301 61 Leaders:
748 390 181 76 Hugh
975 390 307 76 McGraw,
1333 390 144 76 196;
1524 385 183 81 Chad
1753 384 201 82 Nunn,
2007 382 147 84 153;
2199 376 273 90 Carolyn
2521 372 328 94 McElreed
2887 384 99 82 and

205 484 207 76 Henry
463 486 165 75 Kerr,
687 489 142 72 119,
882 489 151 72 294;
1084 487 208 73 Henry
1344 486 165 75 Kerr,
1561 486 148 75 542,
1765 484 100 76 95,
1921 478 258 82 Carlton
2230 472 226 88 Wood,
2511 472 153 88 313,
2718 472 100 88 78;
2868 475 120 85 Pam

205 582 207 72 Nunn,
477 586 151 67 361,
691 586 156 69 365;
904 585 183 73 Jerry
1150 582 370 79 Sheppard,
1585 582 151 79 377,
1803 580 154 81 524;
2020 573 285 88 Charles
2368 568 214 93 Creel,
2649 570 192 91 378b,
2898 579 81 82 80;

205 679 288 60 Leonard
558 681 168 69 Kerr,
792 682 147 67 195,
999 682 153 67 297;
1213 679 210 70 Curtis
1485 676 391 73 McLendon,
1941 675 153 75 270,
2157 672 154 78 436;
2377 667 279 82 Richard
2718 667 256 87 DeLong,

201 777 148 58 213.
405 775 249 76 Harvey
700 778 220 73 Austin
972 777 126 75 and
1150 775 268 76 Shelton
1468 774 387 78 Williamson
1908 771 102 81 led
2061 784 169 67 song
2284 783 84 69 on
2421 781 175 70 page
2649 768 79 84 62
2776 768 87 84 for
2901 774 79 78 the

201 871 241 78 closing
486 889 184 60 song.
715 873 133 76 The
889 873 379 76 convention
1308 886 141 63 was
1488 870 228 79 closed
1755 868 138 81 with
1938 882 226 67 prayer
2203 865 81 84 by
2328 864 144 85 Billy
2511 862 126 87 Joe
2682 864 207 85 Harris.

201 967 364 72 Chairman,
624 969 250 75 Harvey
924 969 244 75 Austin;
1221 967 154 76 Vice
1428 966 366 78 Chairman,
1849 964 274 79 Shelton
2176 960 418 84 Williamson;
2649 961 319 85 Secretary,

202 1065 169 75 Mary
420 1066 304 73 Florence
771 1066 219 73 Smith.

738 1167 325 79 SHADY
1087 1165 346 81 GROVE
1462 1164 418 100 (KEETON
1911 1162 559 102 CEMETARY)

1179 1291 240 58 Walker
1443 1291 256 73 County,
1728 1291 306 73 Alabama

1257 1389 376 76 September
1660 1390 94 75 17,
1789 1390 165 75 1989

354 1486 132 58 The
522 1486 364 76 eighteenth
922 1486 262 76 session
1222 1486 67 76 of
1320 1486 106 76 the
1465 1486 231 76 annual
1735 1486 244 76 Sacred
2020 1486 166 78 Harp
2224 1486 256 79 Singing
2521 1488 141 78 held
2698 1497 58 69 at
2790 1492 178 81 Shady

196 1584 208 58 Grove
442 1584 244 58 Church
723 1597 138 45 was
897 1584 199 58 called
1134 1590 61 54 to
1233 1582 181 63 order
1450 1585 78 75 by
1563 1585 211 75 Travis
1813 1584 243 76 Keeton
2097 1587 249 78 leading
2382 1603 165 63 song
2586 1605 78 61 on
2700 1606 156 63 page
2886 1597 78 72 56.

195 1680 130 60 The
384 1681 282 76 morning
721 1696 226 61 prayer
994 1698 142 60 was
1189 1683 100 75 led
1344 1683 79 75 by
1479 1683 301 75 Harrison
1836 1684 210 73 Creel.
2100 1684 136 73 The
2287 1686 183 72 class
2523 1689 328 76 organized
2898 1693 60 75 by

193 1777 279 75 electing
532 1777 112 75 the
700 1777 319 78 following
1083 1779 286 76 officers:
1431 1780 370 75 Chairman,
1864 1782 130 73 Tim
2058 1783 307 72 Gilmore;
2424 1785 156 70 Vice
2638 1786 321 75 Chairman,

192 1872 220 61 Travis
472 1873 274 70 Keeton;
808 1873 367 76 Secretary,
1242 1876 324 76 Margaret
1626 1878 274 75 Keeton;
1960 1881 354 78 Arranging
2374 1882 402 76 Committee,
2830 1887 124 72 Tom

195 1968 240 78 Harper
480 1971 127 75 and
651 1969 172 76 John
873 1971 199 75 Hyde.
1123 1972 127 73 Tim
1302 1972 276 73 Gilmore
1624 1975 153 70 then
1827 1975 100 70 led
1975 1993 168 61 song
2193 1993 82 61 on
2325 1995 172 61 page
2544 1983 126 73 460
2715 1981 114 75 and
2872 1986 79 70 78.

193 2064 291 60 Leaders
549 2067 213 58 called
823 2082 199 45 were:
1084 2068 265 78 Johnny
1416 2070 306 76 Humber,
1795 2076 147 70 134,
2010 2077 156 69 454;
2233 2076 205 70 Roxie
2505 2077 262 72 Keeton,
2827 2083 124 69 480;

189 2161 231 60 Arnold
480 2161 241 70 Moore,
781 2166 105 67 40,
945 2167 105 67 48;
1108 2167 355 67 Willodean
1525 2169 252 70 Barton,
1836 2173 151 67 217,
2046 2175 154 67 314;
2260 2173 97 69 Dr.
2421 2175 196 75 Doyle
2673 2176 274 73 Williams,

193 2259 147 69 192;
405 2257 151 70 Lola
613 2259 370 72 Roberson,
1050 2263 147 69 182,
1264 2265 150 70 137;
1470 2265 124 70 Jim
1654 2266 280 72 Carnes,
1996 2271 153 69 328,
2217 2271 148 70 142;
2428 2271 252 70 Brenda
2736 2274 210 70 Chafin,

186 2355 150 70 365,
394 2356 154 69 323;
652 2356 69 69 A.
781 2356 64 69 B.
909 2358 270 72 Keeton,
1236 2362 151 69 343,
1446 2365 151 67 348;
1657 2364 228 69 Pernie
1944 2367 268 75 Pelfrey,
2277 2371 147 70 155;
2482 2370 187 72 Essie
2721 2371 229 70 Calvert,

186 2452 147 69 322,
381 2452 102 69 73;
528 2452 171 69 Cecil
744 2454 310 73 Sanders,
1099 2458 192 70 569b;
1338 2460 54 69 L.
1441 2460 64 69 E.
1554 2461 288 72 Hannah,
1887 2466 147 69 456,
2080 2467 147 67 517.

187 2547 295 63 RECESS.

340 2647 132 60 The
510 2649 177 60 class
721 2665 135 46 was
892 2653 204 60 called
1132 2661 63 54 to
1231 2655 183 63 order
1447 2656 76 76 by
1561 2658 124 75 Tim
1725 2659 271 73 Gilmore
2035 2661 246 79 leading
2319 2679 165 63 song
2523 2680 78 61 on
2637 2680 159 63 page
2826 2667 117 76 224.

186 2745 316 63 Leaders:
568 2748 279 64 Vernice
912 2752 280 72 Calvert,
1261 2757 153 70 349,
1482 2758 156 70 336;
1707 2758 150 70 Mae
1921 2760 345 76 Seymour,
2334 2764 153 72 434,
2559 2766 142 70 145;
2766 2763 177 73 Edwin

186 2842 345 79 Ballinger,
607 2850 153 72 168;
828 2848 225 73 Juliett
1122 2851 294 76 Haynes,
1488 2857 156 70 428,
1714 2859 156 70 430;
1936 2859 219 70 Justin
2227 2860 277 72 Keeton,
2580 2865 144 67 124;
2788 2860 154 72 Chris

184 2941 339 78 Ballinger,
592 2947 147 72 183,
810 2949 147 70 163;
1021 2949 223 70 Flarce
1308 2950 210 73 Creel,
1581 2956 153 69 498,
1797 2958 154 69 512;
2016 2958 144 69 Lisa
2221 2959 336 78 Ballinger,
2620 2962 141 75 532,
2823 2961 117 76 140;

180 3039 223 61 Velton
451 3042 244 72 Chafin,
745 3046 148 67 567.

183 3138 393 63 DISMISSED
598 3141 151 61 FOR
772 3142 261 63 LUNCH.

337 3237 132 60 The
508 3240 330 61 afternoon
876 3243 261 60 session
1173 3261 138 45 was
1347 3247 202 58 called
1585 3255 61 54 to
1686 3250 183 60 order
1902 3252 79 73 by
2016 3252 211 73 Travis
2266 3253 241 72 Keeton
2547 3253 234 76 leading
2812 3265 130 64 song

178 3348 81 45 on
312 3349 175 63 page
535 3339 150 73 235.
742 3337 307 75 Leaders:
1104 3342 195 70 Marie
1347 3345 313 78 Aldridge,
1713 3349 150 73 440,
1915 3351 151 72 216;
2118 3349 153 73 Tom
2325 3351 256 76 Harper,
2632 3352 138 75 441,
2817 3349 120 78 442;

180 3430 180 61 Edith
420 3433 181 72 Tate,
670 3438 148 69 157,
888 3439 147 69 187;
1099 3439 180 75 Larry
1342 3442 334 76 Ballinger,
1746 3447 148 72 180;
1956 3447 133 72 Ora
2149 3447 127 72 Lee
2340 3448 259 70 Fannin,
2661 3450 139 69 572,
2853 3445 82 73 83;

178 3528 195 60 Marie
423 3531 279 72 Guthrie,
753 3535 150 69 389,
954 3537 151 69 411;
1152 3537 130 69 Ora
1332 3538 124 67 Lee
1507 3538 256 70 Fannin,
1815 3541 150 70 377;
2017 3543 232 69 Bertha
2299 3544 286 72 Henson,
2635 3547 136 69 565,
2815 3541 120 75 388;

178 3625 237 61 Robert
462 3628 315 78 Aldridge,
828 3634 150 72 392,
1027 3634 151 72 318;
1233 3634 279 72 Bascom
1564 3636 253 70 Mattox,
1872 3640 100 69 77,
2032 3642 145 70 186;
2229 3642 163 76 Lucy
2445 3643 189 75 Marie
2685 3639 249 79 Heidorn,

178 3726 145 70 198,
375 3727 153 70 200;
579 3727 139 70 Ada
768 3729 289 76 Godsey,
1116 3733 142 72 161,
1309 3733 151 72 499;
1507 3733 186 72 Josie
1744 3733 198 76 Hyde,
1996 3739 150 70 234,
2197 3741 132 69 288
2377 3741 94 69 for
2515 3741 177 75 Arley
2739 3739 199 76 Harper

171 3823 144 61 who
355 3825 51 60 is
450 3825 52 61 in
541 3826 108 60 the
690 3826 286 81 hospital.

175 3922 295 61 RECESS.

354 4023 135 60 The
529 4024 180 60 class
747 4039 138 46 was
927 4026 204 60 called
1174 4027 289 76 together
1503 4027 78 76 by
1621 4027 126 76 Tim
1791 4027 274 76 Gilmore
2110 4033 250 81 leading
2404 4053 208 63 songs
2655 4053 76 63 on
2770 4042 168 73 pages

169 4122 130 58 455
351 4122 129 58 and
529 4125 153 57 201.
738 4123 306 60 Leaders:
1101 4125 141 58 Lisa
1291 4123 295 70 Gilmore,
1647 4126 142 69 171,
1842 4129 151 69 383,
2049 4134 151 69 542;
2256 4134 273 69 Christie
2578 4137 189 69 Allen,
2820 4129 111 76 196,

168 4219 154 70 268;
379 4219 267 70 Tressie
702 4221 262 70 Adkins,
1024 4224 150 69 402,
1239 4224 147 69 120;
1446 4222 255 70 Sandra
1758 4222 151 72 Bell,
1969 4227 105 70 57,
2137 4233 153 69 546;
2347 4233 69 69 A.
2479 4234 70 67 C.
2614 4227 316 79 McGough,

166 4318 154 69 382,
390 4320 157 69 340;
615 4318 279 76 Clearcy
958 4318 346 78 Rutledge,
1372 4321 156 75 290;
1596 4320 211 76 Elmer
1869 4323 288 75 Conwill,
2226 4330 154 72 386,
2452 4335 105 70 67,
2626 4336 150 69 285;
2830 4326 102 79 Tim

168 4414 273 60 Gilmore
483 4417 126 58 and
649 4417 214 58 Travis
906 4416 243 60 Keeton
1191 4417 99 58 led
1330 4432 163 61 song
1539 4432 79 61 on
1660 4434 171 61 page
1870 4422 147 73 209.
2064 4423 295 72 Harrison
2403 4431 186 64 Creel
2629 4420 303 75 dismissed

163 4513 144 60 with
378 4530 253 60 prayer.

165 4611 364 72 Chairman,
577 4612 130 70 Tim
756 4612 295 70 Gilmore;
1099 4611 169 72 Vice,
1320 4612 214 70 Travis
1582 4612 268 73 Keeton;
1899 4615 361 81 Secretary,
2314 4623 321 81 Margaret
2685 4630 228 73 Keeton.

1512 4711 120 58 146
