3024 4815
304 193 61 48 36
562 190 388 55 ALABAMA,
990 186 354 60 GEORGIA,
1380 184 456 61 MISSISSIPPI,
1873 184 163 61 AND
2076 175 435 70 TENNESSEE

306 369 114 55 277;
451 367 220 57 Arnold
703 366 172 58 Chaff
880 366 73 58 in,
985 364 111 60 424,
1129 363 154 61 425b;
1317 361 138 63 Mrs.
1486 360 214 64 Myrtle
1734 360 186 64 Creel,
1951 358 114 66 200,
2101 360 112 64 187;
2248 355 141 69 Mrs.
2422 351 180 73 Maud
2631 355 105 69 Par¬

303 447 120 55 ker,
457 445 118 57 68b;
612 444 135 58 Otto
778 442 205 60 Allred
1014 441 96 61 274
1140 441 79 61 by
1251 438 253 64 request;
1540 436 126 66 Bob
1696 435 339 67 Hambrick,
2073 435 93 67 108
2199 433 81 69 by
2310 430 259 72 request;
2602 432 58 70 R.
2688 438 48 64 A

306 522 222 48 Canant
568 522 94 48 294
705 520 78 55 by
826 516 252 60 request;
1126 516 214 60 Egbert
1384 513 126 63 Self
1551 513 88 63 74t
1684 513 76 63 by
1804 510 258 66 request;
2113 508 319 67 Chairman
2478 508 114 67 408;
2637 511 97 64 Dis¬

303 597 213 48 missed
547 597 144 48 with
724 607 211 48 prayer
969 594 76 61 by
1077 594 139 61 Rev.
1252 592 139 63 Geo.
1426 588 273 67 Legrant;
1735 588 82 67 To
1851 586 159 69 meet
2043 586 100 69 the
2179 583 217 72 second
2433 585 231 70 Sunday
2692 592 43 63 in

303 673 150 48 June
490 673 55 48 at
580 672 96 49 the
714 684 153 37 same
904 670 160 58 place
1104 669 61 60 in
1203 669 138 60 1958.

1477 760 64 46 R.
1573 759 69 48 A.
1675 756 327 57 CANANT,
2037 756 319 57 Chairman

1476 834 274 51 JOHNIE
1783 834 325 54 PARKER,
2143 832 144 55 Vice
2323 831 310 57 Chairman

1477 913 37 46 I.
1555 912 76 48 M.
1671 909 474 57 HEATHERLY,
2187 909 310 57 Secretary

1476 990 196 54 Praco,
1711 987 127 57 Ala.

943 1372 400 88 Johnson
1416 1372 321 88 School
1804 1372 301 88 House

1321 1546 153 49 June
1509 1548 43 54 9,
1590 1546 123 55 1957

426 1684 117 49 The
586 1686 228 60 singing
855 1702 120 43 was
1017 1690 223 57 opened
1284 1689 78 58 by
1404 1690 219 57 Robert
1666 1689 283 58 Aldridge
1995 1689 247 58 singing,
2287 1690 84 57 36;
2416 1690 213 57 Prayer
2667 1693 61 58 by

295 1762 129 46 Bro.
456 1762 202 55 Smith,
690 1762 106 55 Mr.
826 1764 280 57 Aldridge
1138 1774 142 48 sang
1311 1764 115 58 460;
1462 1765 162 57 Class
1657 1765 225 57 elected
1915 1764 258 58 officers;
2209 1765 220 57 Robert
2461 1767 265 61 Aldridge,

297 1836 324 57 Chairman,
663 1839 198 55 Grady
897 1840 240 58 Harper,
1179 1840 141 58 Vice
1360 1840 334 58 Chairman;
1740 1840 115 58 and
1893 1842 153 57 Joan
2085 1842 301 58 Aldridge,
2431 1843 294 61 Secretary;

294 1912 327 57 Arranging
663 1912 361 57 Committee;
1072 1915 178 54 Oscar
1293 1917 250 52 Putman
1587 1918 114 51 and
1741 1917 243 58 Murray
2031 1917 364 58 Livingston;
2445 1921 282 54 Chairman

292 1996 139 51 sang
460 1990 114 57 two
606 1998 184 49 songs,
822 1990 151 57 First
1003 1990 211 57 leader,
1245 1992 195 55 Frank
1470 1993 205 54 Burns,
1708 1993 240 57 Johnny
1977 1993 375 58 Dunningan,
2386 1996 156 55 Cecil
2572 1998 154 54 Sand¬

291 2076 105 43 ers,
429 2064 123 55 Ben
582 2064 216 57 Norris,
834 2065 298 55 Charlotte
1162 2067 219 57 Butler,
1416 2068 163 55 Horn
1614 2068 300 58 Gilliland,
1947 2068 199 58 Agnes
2179 2073 165 57 Wall,
2379 2074 138 55 Bert
2550 2076 177 60 Smith,

289 2140 135 46 Mrs.
460 2140 190 46 Annie
685 2140 240 58 Harper,
963 2142 300 57 Thornton
1297 2143 207 57 White,
1540 2145 138 55 Mrs.
1717 2146 154 54 Elsie
1909 2146 318 54 McCullar.

418 2230 138 48 Rest
594 2233 58 46 10
685 2232 265 49 minutes.

418 2322 160 49 Class
622 2325 184 48 called
850 2326 58 46 to
952 2326 171 48 order
1165 2328 78 57 by
1287 2329 181 55 Oscar
1512 2331 253 54 Putman
1810 2332 234 58 singing
2088 2349 111 42 one
2244 2349 162 46 song;
2485 2340 241 57 Leaders,

285 2398 297 48 Hamilton
628 2401 324 58 Ballenger,
1003 2403 136 57 Mrs.
1191 2404 219 55 Nelson
1458 2407 219 57 Butler,
1728 2409 247 60 Tommy
2025 2412 334 58 Frederick;
2413 2416 147 54 Joan
2607 2418 118 52 Ald¬

283 2473 178 57 ridge,
507 2475 186 58 Lloyd
738 2478 222 55 Woods,
1006 2479 253 54 Patricia
1306 2482 219 57 Butler,
1578 2484 282 55 Clarence
1908 2487 258 60 McCool,
2214 2490 268 57 Jeanette
2532 2493 193 60 Norris,

283 2548 162 51 Estes
475 2551 267 57 Jackson,
775 2554 178 54 Elene
985 2556 298 58 Aldridge,
1315 2557 52 57 J.
1399 2559 61 55 E.
1492 2559 318 60 Hamilton,
1843 2563 138 55 Mrs.
2017 2565 198 54 Elmer
2247 2566 276 52 Conwell.

414 2643 124 48 One
573 2643 148 49 hour
753 2646 94 48 for
880 2646 195 49 lunch.

409 2734 243 60 Singing
684 2739 186 55 called
903 2742 60 52 to
997 2742 172 52 order
1201 2742 79 58 by
1312 2743 201 60 Grady
1545 2746 231 60 Harper
1810 2749 232 60 singing
2076 2752 118 57 two
2229 2766 186 46 songs.
2481 2755 244 57 Leaders,

277 2811 135 48 Mrs.
444 2812 177 48 Maud
654 2814 208 58 Quinn,
892 2815 142 57 Tom
1063 2818 246 58 Harper;
1342 2820 180 58 Joyce
1552 2823 220 58 Norris,
1804 2826 166 55 Elma
2002 2829 276 58 Conwell,
2311 2832 229 55 Martha
2569 2833 154 54 Fred¬

277 2887 180 57 erick;
493 2889 217 55 Robert
747 2890 255 60 McCool,
1039 2893 324 57 Willodene
1432 2899 412 60 Smitherman,
1884 2904 40 55 I.
1965 2905 54 54 S.
2055 2905 214 60 James,
2307 2908 228 57 Marion
2572 2910 151 55 Chaf-

276 2964 102 57 fin,
415 2964 313 57 Chairman
763 2979 141 46 sang
937 2982 109 43 one
1081 2982 157 46 song.

406 3058 138 49 Rest
579 3061 60 46 10
669 3061 270 51 minutes.

408 3150 241 61 Singing
691 3168 121 43 was
858 3159 187 52 called
1095 3160 57 51 to
1197 3163 172 48 order
1413 3163 81 58 by
1539 3165 66 57 D.
1651 3166 78 55 M.
1777 3168 282 60 Aldridge
2110 3171 232 58 singing
2389 3175 115 54 two
2553 3183 169 48 songs;

273 3228 267 58 Leaders,
573 3231 220 58 Dewey
825 3234 315 60 McCullar,
1171 3238 214 55 Adline
1419 3241 178 57 Hunt,
1630 3243 183 55 Huett
1845 3246 325 60 Randolph,
2203 3249 229 57 Dulane
2467 3249 258 57 Smither¬

271 3316 151 46 man,
460 3307 217 55 Robert
712 3309 241 58 Harper,
990 3313 121 55 Foy
1147 3313 334 61 Frederick;
1522 3319 187 57 Wiley
1747 3321 325 61 Randolph,
2110 3325 243 58 Murray
2389 3327 337 60 Livingston,

270 3381 241 51 Emmitt
558 3385 267 58 Bennett,
874 3388 130 55 Had
1053 3394 498 49 announcements
1602 3397 114 48 and
1768 3397 307 51 Cornelius
2124 3402 283 60 Aldridge
2458 3414 138 49 sang
2640 3403 87 60 the

271 3459 220 58 closing
528 3472 156 46 song.
754 3463 406 55 Beneditction
1200 3472 222 54 prayed
1459 3471 79 57 by
1576 3472 130 55 Bro.
1747 3474 300 54 Gilliland.

1456 3580 298 49 ROBERT
1800 3583 408 61 ALDRIDGE,
2256 3588 315 57 Chairman

1456 3657 267 48 GRADY
1758 3660 321 58 HARPER,
2118 3663 142 55 Vice
2298 3667 313 51 Chairman

1455 3732 199 51 JOAN
1690 3733 406 60 ALDRIDGE,
2136 3741 309 61 Secretary

712 4093 313 79 Mount
1086 4096 360 76 Vernon
1506 4095 351 79 Annual
1923 4099 367 114 Singing

1290 4252 154 49 June
1483 4254 43 55 9,
1572 4254 124 55 1957

396 4393 162 51 Class
595 4395 187 49 called
817 4395 60 49 to
913 4395 171 49 order
1120 4395 60 49 at
1213 4395 118 49 9:40
1366 4408 48 36 a.
1449 4408 75 36 m.
1561 4395 79 58 by
1677 4396 63 57 O.
1776 4398 69 55 H.
1881 4399 271 60 Handley
2188 4405 249 64 singing,
2478 4419 79 57 87,
2598 4422 133 55 lOlt;

261 4473 220 55 Prayer
514 4471 79 57 by
628 4471 52 57 J.
715 4470 52 58 J.
802 4471 211 57 Akers;
1053 4471 64 57 O.
1155 4471 69 57 H.
1260 4470 283 58 Handley,
1582 4470 106 58 72t;
1731 4471 186 57 Jessie
1954 4476 283 61 Hendrix,
2277 4485 112 58 318,
2428 4492 159 61 343b;
2632 4500 100 54 Or¬

261 4546 256 58 ganized,
556 4546 66 58 G.
660 4546 55 58 S.
751 4546 160 58 Doss,
951 4545 333 60 Chairman;
1324 4543 63 61 O.
1425 4545 69 60 H.
1530 4546 283 58 Handley,
1852 4548 142 57 Vice
2034 4552 337 66 Chairman;
2413 4572 115 46 and
2569 4575 61 49 C.
2667 4576 67 48 A.
