3000 4800
802 190 327 51 ANNUAL
1165 195 300 49 SACRED
1501 198 208 46 HARP
1747 196 360 49 SINGINGS

2637 193 60 45 81

216 369 207 52 Arlene
450 366 180 57 Ezell,
661 367 333 60 Secretary.
1057 370 342 60 Arranging
1429 373 372 58 Committee;
1830 372 123 60 Jim
1983 372 270 60 Defoore,
2283 369 241 63 Presley
2551 367 150 64 Mat-

220 451 91 46 tox
342 445 114 52 and
489 444 165 54 Odus
687 445 118 52 Lee
837 447 270 51 Newton.
1171 448 271 57 Leaders,
1476 451 51 54 J.
1560 451 67 54 D.
1660 450 280 55 Johnson,
1972 448 108 57 Sis.
2110 448 82 57 W.
2223 448 64 57 R.
2319 445 177 60 Ezell;
2530 445 82 60 W.
2643 444 61 61 T.

219 526 232 55 Rhodes,
481 522 229 60 Lucille
741 523 223 58 Pettus,
993 525 160 57 John
1182 526 223 58 Bailey,
1435 528 70 57 H.
1534 528 69 57 N.
1632 526 192 58 Mabe.

345 652 204 49 Called
591 651 274 58 together
906 652 81 57 by
1030 652 322 57 Chairman
1428 654 270 55 Leaders,
1743 652 199 57 Elisha
1984 651 274 58 Duboise;
2308 649 106 60 Sis.
2460 648 249 61 Edward

226 733 160 51 Ezell.
450 732 196 52 Hosea
678 729 165 58 Cole;
879 730 79 57 M.
991 730 63 57 L.
1084 730 268 57 Jenkins.

351 864 123 46 One
516 858 154 52 hour
711 859 94 51 for
847 858 199 52 lunch.

355 987 204 52 Called
591 985 273 58 together
897 985 81 58 by
1009 985 144 58 Vice
1189 985 337 58 Chairman.
1593 984 270 60 Leaders,
1897 981 240 63 Presley
2170 979 241 64 Mattox,
2449 978 99 66 Iva
2584 975 133 69 Nell

235 1071 160 55 Ezell,
438 1065 213 61 Albert
691 1063 205 63 Davis;
945 1062 124 64 Jim
1114 1062 238 64 Defoor,
1398 1062 223 64 Arlene
1665 1059 175 67 Ezell,
1885 1059 63 67 C.
1996 1057 63 69 C.
2107 1056 195 70 Davis,
2349 1054 171 72 Delia
2562 1050 154 76 Holt,

237 1149 138 49 Jobe
409 1146 267 52 Thomas,
715 1141 234 57 Glenda
987 1141 120 57 Sue
1144 1140 208 58 Pittus,
1389 1138 153 60 Jean
1576 1135 175 63 Ezell.

361 1275 139 49 Rest
532 1275 63 49 10
624 1270 276 54 minutes.

366 1404 202 49 Called
609 1399 273 60 together
924 1398 79 61 by
1047 1396 144 63 Vice
1234 1393 337 66 Chairman.
1647 1390 270 69 Leaders,
1960 1389 252 70 Frances
2254 1387 240 72 Graves,
2539 1381 187 78 Nelda

247 1486 226 52 Graves,
511 1482 174 57 Myra
721 1477 193 61 Hand;
960 1473 214 66 Closed
1212 1471 81 67 by
1330 1470 337 69 Chairman,
1708 1465 261 73 Inviting
2005 1477 118 61 you
2163 1461 81 78 all
2280 1462 60 76 to
2379 1473 163 66 come
2580 1458 150 81 back

249 1564 90 48 the
369 1560 180 52 Third
583 1557 244 55 Sunday
861 1555 61 57 in
955 1549 364 63 September,
1357 1548 142 64 1958.
1564 1546 222 66 Prayer
1819 1543 78 69 by
1930 1543 132 69 Bro.
2094 1539 157 73 John
2283 1536 219 76 Bailey.

1444 1659 78 46 M.
1557 1657 61 48 L.
1653 1653 339 55 JENKINS,
2028 1650 316 58 Chairman

1447 1750 202 49 ODUS
1687 1749 141 51 LEE
1864 1744 340 55 NEWTON,
2241 1741 142 58 Vice
2422 1738 315 61 Chairman

1444 1843 304 49 ARLENE
1789 1839 253 55 EZELL,
2085 1836 310 58 Secretary

829 2362 235 75 Love
1137 2355 174 100 Joy
1381 2346 358 109 Annual
1812 2343 369 112 Singing

1185 2526 348 60 September
1584 2524 75 61 15,
1708 2520 124 66 1957

397 2689 195 46 House
634 2682 189 54 called
864 2680 60 55 to
966 2677 174 58 order
1180 2674 81 61 by
1303 2670 319 66 Chairman
1666 2665 154 70 Troy
1861 2659 153 76 Hall.
2092 2658 220 78 Prayer
2355 2653 78 82 by
2476 2647 280 88 Garrison

274 2766 231 48 Franks.
582 2760 268 54 Election
892 2757 63 57 of
1000 2754 241 60 officers
1284 2763 63 51 as
1390 2746 253 67 follows:
1693 2742 154 72 Troy
1893 2736 151 78 Hall,
2092 2731 336 82 Chairman;
2478 2724 280 90 Garrison

274 2844 232 54 Franks,
543 2839 144 58 Vice
726 2836 340 61 Chairman;
1108 2830 118 67 and
1264 2830 123 67 Ora
1423 2820 246 78 Howell,
1708 2817 328 81 Secretary.
2107 2808 336 90 Arranging
2482 2800 276 97 Commit¬

277 2923 102 54 tee,
415 2920 61 57 C.
508 2922 66 55 B.
607 2914 322 63 Frederick
964 2911 118 66 and
1116 2907 133 70 Bud
1284 2902 250 75 Palmer.

402 3048 139 49 Rest
576 3048 63 49 10
670 3042 274 55 minutes.

405 3175 207 52 Called
642 3175 61 52 to
739 3172 175 55 order
948 3169 81 58 by
1063 3162 339 66 Chairman.
1470 3151 255 76 Leaders
1758 3148 168 79 three
1959 3153 174 75 songs
2166 3139 160 88 each.
2394 3136 82 91 W.
2512 3135 61 93 L.
2608 3133 154 94 May,

282 3259 52 46 S.
366 3258 60 48 L.
456 3250 348 57 Wakefield,
838 3244 286 63 Garrison
1156 3235 246 72 Franks,
1435 3231 138 76 Mrs.
1608 3225 282 82 Garrison
1921 3219 240 88 Franks,
2196 3214 142 93 Miss
2373 3214 153 93 Faye
2559 3208 205 99 Wake¬

282 3334 154 57 field,
472 3331 144 60 Miss
652 3328 192 63 Helen
879 3315 349 76 Wakefield,
1264 3313 61 78 T.
1362 3310 61 81 T.
1458 3304 150 87 Hall,
1645 3303 82 88 W.
1762 3301 61 90 P.
1861 3298 177 93 Bobo,
2077 3292 192 99 David
2305 3288 240 103 Franks,
2584 3286 81 105 W.
2704 3283 61 108 C.

283 3412 202 48 Minor.
556 3411 159 54 Song
751 3406 81 58 by
870 3399 337 66 Chairman.

411 3541 126 48 One
568 3537 153 52 hour
751 3534 96 55 for
879 3525 198 64 lunch.

414 3664 205 52 Called
648 3664 60 52 to
738 3660 175 57 order
942 3655 81 61 by
1051 3646 337 70 Chairman.
1452 3631 282 85 Garrison
1761 3625 240 91 Franks,
2032 3622 145 94 Sara
2206 3619 124 97 Lou
2359 3615 193 102 Clark,
2583 3613 82 103 W.
2694 3610 76 106 M.

288 3745 273 55 Cantrell,
591 3745 159 55 Faye
778 3726 349 75 Wakefield,
1158 3724 84 76 W.
1269 3721 61 79 P.
1360 3714 178 87 Bobo,
1566 3705 193 96 David
1788 3702 240 99 Franks,
2058 3699 60 102 T.
2146 3696 61 105 T.
2236 3691 151 109 Hall,
2418 3691 81 109 W.
2527 3690 61 111 L.
2617 3687 153 114 May,

285 3828 54 48 S.
370 3826 63 49 L.
469 3816 351 60 Wakefield.

412 3951 142 51 Rest
589 3951 63 51 10
687 3942 274 60 minutes.

417 4078 208 52 Called
666 4074 63 57 to
771 4069 175 61 order
987 4062 81 69 by
1108 4051 324 79 Chairman
1473 4041 135 90 who
1650 4042 145 88 sang
1834 4032 118 99 two
1992 4033 189 97 songs.
2223 4020 121 111 The
2385 4015 232 115 singing
2658 4023 121 108 was

288 4158 264 51 changed
595 4150 154 58 back
792 4147 63 61 to
898 4141 103 67 the
1041 4128 216 81 second
1302 4120 243 88 Sunday
1587 4114 63 94 in
1692 4107 231 102 August
1968 4104 93 105 for
2104 4096 142 112 next
2289 4107 156 102 year.
2526 4087 252 121 Leaders

288 4237 283 51 Garrison
606 4225 246 63 Franks,
886 4218 84 70 W.
1005 4213 78 75 M.
1120 4200 279 88 Cantrell,
1435 4195 82 93 W.
1554 4191 60 97 C.
1650 4185 210 103 Minor,
1897 4177 222 111 closing
2154 4183 142 105 song
2329 4170 78 118 by
2442 4168 99 120 the
2575 4162 201 126 Chair¬

286 4330 151 36 man.
508 4299 394 67 Benediction
939 4294 79 72 by
1056 4282 285 84 Garrison
1377 4270 241 96 Franks.

1495 4372 207 54 TROY
1731 4366 220 60 HALL,
1986 4360 315 66 Chairman

1497 4461 391 60 GARRISON
1926 4450 321 70 FRANKS,
2286 4446 139 75 Vice
2466 4440 315 81 Chairman

1500 4563 157 51 ORA
1689 4551 334 63 HOWELL,
2059 4543 306 70 Secretary
