3000 4800
843 183 325 54 ANNUAL
1206 190 298 51 SACRED
1540 195 210 49 HARP
1786 196 360 49 SINGINGS

2677 193 61 49 61

1087 364 411 52 SATURDAY
1540 370 360 49 MORNING

370 483 207 49 Called
619 486 60 46 to
724 489 177 48 order
942 490 81 57 by
1066 492 336 61 Chairman,
1446 496 70 57 H.
1560 498 69 55 N.
1672 498 292 55 McGraw.
2044 499 220 57 Prayer
2310 499 76 57 by
2433 498 301 58 Chaplain.

243 562 172 49 Elder
442 562 78 49 M.
549 562 63 49 L.
640 564 271 51 Jenkins.
973 567 273 61 Leaders,
1275 571 84 57 W.
1389 573 60 55 F.
1479 574 196 57 Davis,
1705 576 78 55 M.
1812 577 63 54 L.
1903 576 265 57 Jenkins,
2197 576 234 57 Marvin
2461 574 274 58 Rookers,

244 640 183 58 Floyd
456 640 201 58 Davis,
690 642 204 57 Lessie
924 645 138 54 Mae
1093 646 178 58 Ezell,
1303 648 192 57 Rufus
1528 651 222 58 Norris,
1783 654 66 55 O.
1885 652 61 57 L.
1981 652 265 57 Newton.

372 751 142 49 Rest
550 753 61 48 10
645 751 276 51 minutes.

378 864 205 48 Called
621 862 61 49 to
721 865 175 48 order
934 865 81 58 by
1051 867 144 57 Vice
1234 868 336 58 Chairman,
1608 873 82 54 W.
1728 871 60 55 F.
1827 871 196 55 Davis.
2095 871 267 55 Leaders.
2439 871 126 55 Edd
2604 870 135 57 Wil¬

250 955 115 43 son,
399 942 138 57 Otto
565 940 226 58 Allred,
823 943 142 55 Mrs.
996 945 69 54 G.
1098 945 57 54 S.
1183 946 165 57 Doss,
1380 946 196 60 Alpha
1605 948 274 58 Pittman,
1909 948 187 58 Floyd
2127 948 193 58 Davis,
2350 948 60 58 T.
2442 948 60 58 E.
2535 946 204 60 Smith.

376 1054 141 48 Rest
553 1054 63 48 10
651 1053 274 49 minutes.

382 1165 205 49 Called
618 1165 60 49 to
711 1167 177 48 order
919 1165 81 60 by
1030 1167 144 58 Vice
1209 1168 334 57 Chairman.
1609 1170 268 55 Leaders,
1912 1170 138 55 Mrs.
2082 1170 61 55 L.
2175 1168 69 57 A.
2277 1170 289 55 McGraw,
2599 1168 142 57 Tom

252 1245 289 54 McGraw,
579 1243 225 55 Walter
840 1243 315 57 Chandler,
1194 1245 139 55 Mrs.
1371 1246 189 54 Reece
1599 1246 255 58 Hughes,
1891 1246 60 58 E.
1990 1246 60 58 T.
2089 1245 205 60 Smith,
2334 1246 39 58 I.
2410 1246 78 58 M.
2526 1245 216 60 Heath-

255 1323 136 57 erly,
427 1323 67 57 G.
531 1323 57 57 S.
624 1321 165 58 Doss.

385 1434 126 48 One
543 1432 154 49 hour
726 1432 97 49 for
853 1432 198 49 lunch.

385 1540 205 52 Called
628 1545 60 48 to
729 1543 174 49 order
940 1543 81 58 by
1063 1542 336 60 Chairman,
1438 1545 70 57 H.
1548 1545 67 57 N.
1656 1543 294 58 McGraw.
2023 1542 204 60 Called
2265 1542 93 60 for
2398 1555 33 46 a
2470 1542 172 60 home
2685 1542 60 60 of

258 1621 349 49 convention
657 1621 96 49 for
798 1621 249 49 another
1098 1633 159 46 year.
1341 1620 123 60 The
1515 1620 145 60 next
1710 1618 352 61 convention
2112 1618 126 61 will
2289 1618 73 61 be
2412 1618 138 61 held
2599 1618 147 61 with

258 1701 225 48 Second
528 1699 193 49 Creek
765 1698 312 51 Primitive
1122 1698 232 60 Baptist
1401 1698 252 60 Church,
1705 1696 178 61 about
1930 1699 30 58 5
2007 1696 169 61 miles
2224 1695 124 63 east
2397 1695 63 63 of
2503 1695 243 63 Liberty

256 1779 205 48 Grove.
526 1777 103 49 We
661 1776 187 51 invite
882 1776 81 51 all
993 1777 60 49 to
1086 1788 181 39 come.
1332 1776 273 55 Leaders,
1635 1774 172 57 Delia
1837 1773 201 58 Watts,
2070 1773 109 58 Sis.
2208 1773 136 58 Veil
2373 1773 66 58 B.
2470 1771 178 60 Ezell;
2683 1771 61 60 T.

258 1855 58 48 E.
346 1854 205 58 Smith,
585 1854 126 58 Ivie
741 1852 286 60 Hendrix,
1063 1854 64 58 O.
1159 1854 63 58 L.
1257 1852 163 60 Cain,
1452 1852 171 60 Delia
1654 1851 154 61 Holt,
1843 1852 138 60 Mrs.
2014 1851 336 61 Blackman,
2383 1848 210 64 Albert
2625 1849 118 63 Mc¬

259 1933 187 55 Graw,
483 1933 103 55 Iva
616 1930 138 58 Nell
787 1930 175 58 Ezell.

388 2043 204 49 Called
642 2043 61 49 to
753 2043 175 49 order
973 2043 82 57 by
1105 2041 337 58 Chairman.
1524 2041 270 58 Leaders,
1845 2038 151 61 Dian
2050 2037 205 63 Smith,
2307 2038 82 61 W.
2440 2037 58 63 F.
2550 2035 193 64 Davis,

261 2119 174 60 Syble
469 2121 207 58 Smith,
711 2121 67 58 G.
813 2121 79 58 M.
924 2119 252 60 Mattox;
1212 2119 220 60 Arlene
1465 2118 175 61 Ezell,
1674 2116 211 63 Albert
1915 2115 195 64 Davis,
2146 2115 61 64 C.
2242 2113 61 66 C.
2337 2113 195 66 Davis,
2568 2113 177 66 Char¬

258 2199 96 58 ley
379 2199 262 58 Sandlin,
670 2197 246 60 Talford
940 2197 240 60 Adams,
1207 2197 150 60 Jobe
1383 2196 270 61 Thomas.
1680 2193 214 64 Closed
1920 2193 79 64 by
2026 2191 331 66 Chairman.
2419 2191 222 66 Prayer
2668 2190 79 67 by

259 2278 129 48 Bro.
420 2275 268 51 Bartlett.

1150 2451 312 49 SUNDAY
1498 2449 360 51 MORNING

390 2601 205 49 Called
637 2599 61 51 to
747 2599 175 51 order
967 2598 78 58 by
1093 2595 334 61 Chairman.
1507 2596 223 60 Prayer
1776 2593 79 63 by
1902 2590 303 66 Chaplain.
2284 2590 253 66 Leaders
2587 2589 162 67 Odus

261 2679 112 48 Lee
411 2677 265 57 Newton,
720 2677 133 57 Bro.
894 2674 249 60 Rhodes,
1185 2674 51 60 J.
1278 2674 67 60 D.
1386 2671 280 63 Johnson,
1710 2671 69 63 H.
1819 2671 69 63 N.
1929 2668 189 66 Mabe,
2161 2668 132 66 Bro.
2332 2667 241 67 Harbin,
2616 2665 132 69 Bro.

261 2755 357 58 Livingston,
657 2757 69 57 H.
768 2755 67 58 G.
871 2754 304 60 Freeman.

388 2868 141 49 Rest
564 2868 61 49 10
657 2865 274 52 minutes.

388 2979 207 49 Called
631 2977 61 51 to
736 2979 174 49 order
948 2976 82 58 by
1069 2974 339 60 Chairman.
1482 2971 270 63 Leaders,
1794 2970 61 64 L.
1896 2968 70 66 A.
2008 2967 180 67 Craft,
2230 2967 94 67 Ira
2365 2965 214 69 James,
2620 2962 126 72 Ray

262 3057 184 58 Lyles,
483 3057 237 58 Palmer
754 3054 253 61 Godsey,
1047 3052 108 63 Sis.
1192 3052 196 63 Jones,
1429 3049 106 66 Sis.
1572 3046 183 69 Telda
1791 3045 280 70 Johnson,
2107 3043 220 72 Dewey
2367 3039 316 76 McCullar.

388 3168 141 49 Rest
564 3169 60 48 10
657 3165 274 52 minutes.

393 3279 205 51 Called
639 3279 81 58 by
760 3276 337 61 Chairman.
1173 3273 270 64 Leaders,
1486 3268 153 69 Dian
1680 3264 207 73 Smith,
1930 3264 219 73 Arlene
2190 3262 174 75 Ezell,
2406 3259 187 78 Linda
2634 3259 115 78 Sue

262 3358 214 57 Pettus,
522 3358 141 57 Mrs.
711 3357 192 58 Reece
948 3352 259 63 Hughes,
1255 3348 138 67 Will
1438 3343 205 72 Baldy,
1690 3342 156 73 Elsie
1894 3339 318 76 McCullar,
2260 3339 187 76 Reece
2494 3337 255 78 Hughes,

262 3436 213 58 Myrtie
516 3435 268 60 Thomas,
825 3429 289 66 Franklin
1155 3424 325 70 Birdshaw,
1519 3418 186 76 Floyd
1746 3417 195 78 Davis.

393 3549 127 49 One
553 3546 151 52 hour
736 3544 96 54 for
862 3540 199 58 lunch.

393 3658 207 49 Called
639 3657 82 57 by
765 3651 336 63 Chairman.
1182 3645 270 69 Leaders,
1497 3639 240 75 Presley
1779 3636 244 78 Mattox,
2070 3633 309 81 Memorial
2422 3633 192 81 lesson
2661 3630 93 84 for

262 3738 60 48 L.
348 3738 69 48 A.
444 3736 283 49 McGraw
754 3732 81 58 by
864 3729 63 61 C.
955 3727 64 63 C.
1047 3721 199 69 Davis,
1273 3721 99 69 for
1395 3718 79 72 M.
1503 3717 63 73 L.
1596 3712 174 78 Creel
1795 3717 117 73 and
1936 3712 190 78 Dovie
2154 3709 316 81 Yarbough
2497 3708 81 82 by
2602 3706 151 84 Jobe

262 3814 264 57 Thomas,
562 3814 94 57 for
691 3810 109 61 Sis.
835 3804 195 67 Bettie
1065 3798 181 73 Davis
1279 3798 81 73 by
1393 3795 78 76 M.
1507 3793 63 78 L.
1603 3790 265 81 Jenkins.

391 3925 142 51 Rest
570 3925 61 51 10
664 3919 276 57 minutes.

391 4035 207 52 Called
631 4033 82 57 by
748 4026 336 64 Chairman.
1152 4015 271 75 Leaders,
1455 4009 196 81 Alpha
1681 4008 274 82 Pittman,
1990 4005 169 85 Delia
2188 4003 199 87 Watts,
2421 4003 138 87 Mrs.
2592 4002 61 88 L.
2685 4000 69 90 A.

259 4117 295 54 McGraw,
589 4110 195 61 Rufus
819 4101 223 70 Norris,
1078 4096 142 75 Mrs.
1255 4089 187 82 Floyd
1477 4087 198 84 Davis,
1708 4084 213 87 Albert
1954 4081 196 90 Davis,
2187 4080 123 91 The
2346 4078 409 93 Introductory

259 4194 196 51 lesson
499 4189 148 55 next
693 4197 144 48 year
885 4176 127 69 will
1059 4174 73 70 be
1180 4180 150 64 sung
1375 4167 81 78 by
1501 4165 132 79 Bro.
1680 4161 210 84 Albert
1936 4159 180 85 Davis
2167 4170 64 75 or
2280 4156 160 88 Odus
2490 4153 264 91 Newton,

262 4270 309 57 alternate;
613 4258 216 69 Closed
861 4257 81 70 by
976 4249 336 78 Chairman,
1347 4245 70 82 H.
1452 4240 67 87 N.
1554 4239 292 88 McGraw.
1912 4237 220 90 Prayer
2166 4234 78 93 by
2278 4234 130 93 Bro.
2445 4231 162 96 Odus
2638 4231 115 96 Lee

261 4351 267 49 Newton.

1471 4413 69 48 H.
1573 4410 69 51 N.
1675 4405 340 55 McGRAW,
2052 4402 315 58 Chairman

1471 4488 82 48 W.
1593 4486 61 49 F.
1693 4482 249 57 DAVIS,
1983 4480 142 58 Vice
2166 4479 316 60 Chairman

1471 4564 78 48 M.
1584 4563 61 49 L.
1681 4558 337 55 JENKINS,
2056 4557 307 57 Secretary
