3000 4800
838 157 325 54 ANNUAL
1201 165 300 51 SACRED
1536 169 208 49 HARP
1783 174 358 51 SINGINGS

2670 175 64 48 79

237 328 94 49 the
361 327 327 52 Chairman
717 333 324 60 appointed
1068 339 207 58 Henry
1302 343 156 54 Kerr
1486 348 61 49 to
1578 358 168 39 serve
1776 361 76 36 on
1879 348 100 49 the
2007 349 333 60 Arranging
2371 351 363 58 Committee.

243 409 115 46 The
391 408 138 48 first
561 408 207 51 leader
802 412 193 49 called
1029 429 124 36 was
1186 418 111 49 Joe
1332 420 214 51 Daniel
1578 424 135 48 who
1749 436 142 48 sang
1924 427 96 57 422
2055 427 115 57 and
2202 427 112 57 432,
2349 426 277 58 followed
2658 429 79 57 by

243 486 135 49 Mrs.
414 483 69 52 A.
522 484 69 51 A.
630 486 274 61 Blocker,
942 492 190 58 Pages
1168 496 79 55 56,
1285 498 118 57 299;
1443 499 61 55 T.
1540 501 54 54 J.
1633 501 256 58 Shivers,
1927 504 112 55 283,
2079 504 118 55 386;
2236 504 177 55 Hilda
2448 505 72 54 K.
2559 504 180 55 Walls

246 564 111 57 369;
396 562 69 58 A.
499 562 52 58 J.
591 564 277 57 Buttram
903 568 81 55 39,
1021 571 118 57 406;
1183 573 139 55 Mrs.
1360 574 198 60 Alpha
1594 577 259 57 Pittman
1890 580 81 55 54,
2011 580 115 57 392;
2167 580 99 57 Dr.
2304 580 156 57 John
2496 580 61 57 L.
2595 580 142 57 Dor-

247 642 181 57 rough
457 642 114 57 275,
604 642 117 58 270;
756 643 142 57 Mrs.
927 645 198 55 Willie
1155 649 133 51 Mae
1318 651 250 51 Latham
1597 655 111 55 365,
1740 655 117 60 441;
1890 655 60 60 C.
1981 657 69 58 H.
2079 655 202 60 Avery
2310 657 111 58 423,
2451 657 115 58 447;
2599 657 136 58 Mrs.

249 721 64 48 A.
340 720 76 49 M.
448 718 181 57 Cagle
664 721 111 57 188,
805 723 120 57 254;
957 724 63 55 E.
1048 724 81 55 M.
1156 726 397 61 McCullough
1581 732 112 55 268,
1728 732 114 55 173;
1870 732 139 55 Mrs.
2040 733 169 54 Irene
2235 733 225 54 Parker
2485 733 112 55 419,
2626 735 114 54 355.

411 864 141 49 Rest
592 865 61 49 10
690 865 277 51 minutes.

381 1011 205 49 Called
615 1011 58 49 to
703 1012 177 48 order
907 1012 79 58 by
1018 1014 138 57 Carl
1183 1015 241 58 Hughes
1453 1017 234 60 singing
1716 1020 108 57 138,
1854 1018 114 58 442;
2001 1018 277 58 followed
2304 1018 78 58 by
2409 1018 61 58 L.
2499 1018 58 58 E.
2587 1020 154 57 Hop¬

255 1104 100 45 per
385 1090 111 58 382,
531 1089 117 60 204;
684 1089 142 60 Mrs.
861 1089 136 60 Mae
1032 1090 292 58 Seymour
1357 1095 112 54 301,
1507 1095 115 55 434;
1660 1095 52 55 J.
1749 1095 61 55 L.
1846 1095 157 55 Edge
2040 1095 111 55 342,
2187 1096 115 55 360;
2340 1095 138 57 Mrs.
2512 1095 231 57 Forney

258 1167 156 51 Cobb
445 1168 112 55 336,
592 1167 117 57 436;
745 1167 70 57 A.
847 1167 61 57 F.
942 1168 316 55 Anderson
1294 1171 108 58 ;i2,
1440 1171 112 58 155;
1588 1171 138 58 Mrs.
1759 1171 204 58 Janett
1995 1171 193 58 Tyner
2220 1173 111 57 362,
2368 1171 94 58 396
2497 1171 249 58 Garnett

258 1246 219 48 Norton
505 1245 114 57 430,
652 1245 118 57 316;
808 1245 66 57 O.
907 1245 70 57 A.
1011 1246 201 55 Parris
1248 1246 109 57 172,
1390 1249 117 54 415;
1543 1248 138 55 Mrs.
1716 1248 51 55 J.
1797 1248 63 55 T.
1891 1248 231 58 Harper
2151 1248 112 58 340,
2299 1248 112 58 197;
2446 1248 139 58 Rev.
2617 1248 129 58 Roy

259 1324 192 57 Avery
489 1324 111 57 208,
637 1323 117 58 304;
796 1324 141 57 Mrs.
973 1323 184 58 Maud
1195 1323 201 58 Quinn
1432 1326 111 55 348,
1587 1324 112 57 138;
1740 1326 94 55 Ira
1867 1324 199 57 James
2103 1324 111 57 448,
2253 1324 115 57 435;
2407 1324 138 57 Mrs.
2583 1324 61 57 L.
2683 1323 63 58 C.

259 1404 105 54 411,
396 1402 114 57 377;
546 1401 162 58 Odus
738 1401 228 58 Parker
997 1401 111 58 106,
1144 1401 114 58 177;
1291 1401 205 58 Herby
1527 1399 207 60 Bailey
1764 1401 114 58 454.

421 1528 139 51 Rest
600 1530 63 49 10
697 1527 276 52 minutes.

390 1657 207 49 Called
627 1657 63 49 to
723 1659 180 48 order
933 1657 81 55 by
1050 1654 324 58 Chairman
1404 1654 253 58 Phillips
1690 1654 235 58 singing
1957 1654 96 58 387
2092 1654 153 58 after
2275 1653 199 60 which
2506 1653 100 60 the
2638 1653 114 60 fol¬

264 1735 210 58 lowing
505 1735 232 58 leaders
769 1749 160 45 were
966 1734 208 60 called:
1212 1732 237 61 Palmer
1483 1731 237 63 Godsey
1756 1732 108 61 109,
1899 1732 117 61 402;
2053 1731 123 63 Coy
2208 1731 253 63 Putman
2496 1731 108 63 159,
2637 1728 109 66 77t;

264 1815 136 48 Miss
432 1815 132 57 Kay
597 1813 169 58 Dean
798 1813 114 58 236,
949 1813 114 58 189;
1099 1810 81 61 At
1213 1810 117 61 this
1363 1809 169 63 point
1564 1809 100 63 the
1701 1807 370 64 Convention
2104 1806 184 66 heard
2322 1806 100 66 the
2457 1804 199 67 report
2691 1804 63 67 of

264 1893 96 48 the
396 1890 313 51 Memorial
748 1888 372 57 Committee,
1161 1888 201 57 which
1399 1885 324 60 submitted
1761 1885 103 60 the
1900 1884 309 61 following
2250 1882 282 63 deceased
2569 1896 180 49 mem¬

265 1969 127 49 bers
429 1969 159 49 since
625 1968 115 51 last
777 1968 243 51 session:
1060 1966 142 52 Mrs.
1240 1965 165 54 Mina
1443 1965 267 54 Thomas,
1747 1963 111 55 Mr.
1899 1962 115 57 and
2050 1962 138 57 Mrs.
2226 1962 220 57 Leman
2484 1959 268 60 Britnell,

267 2047 76 49 W.
387 2049 64 48 O.
495 2046 202 57 Bolen,
741 2046 70 57 H.
855 2046 70 57 A.
967 2043 321 60 Vandiver,
1333 2043 63 60 L.
1440 2043 52 60 J.
1537 2038 408 64 McCullough,
1992 2038 214 64 Louisa
2250 2035 316 67 McCullar,
2613 2037 139 66 Mrs.

267 2125 192 49 Hattie
496 2122 414 60 McCullough,
948 2122 121 60 Lee
1108 2121 297 61 McGraw,
1446 2118 184 64 Alvin
1669 2118 238 64 Rogers,
1953 2116 114 66 and
2109 2116 163 66 Mose
2319 2113 186 69 Creel.
2581 2113 172 69 After

264 2202 217 51 motion
520 2200 282 61 properly
844 2199 175 63 made
1063 2197 118 64 and
1224 2196 246 66 carried,
1516 2209 34 52 a
1593 2193 310 69 memorial
1944 2193 196 69 lesson
2187 2203 123 58 was
2355 2190 289 72 rendered
2691 2203 63 58 as

267 2280 243 49 follows:
583 2280 69 49 In
685 2292 270 43 memory
993 2278 63 57 of
1089 2277 141 58 Mrs.
1266 2274 168 61 Mina
1467 2272 268 63 Thomas,
1773 2271 79 64 by
1888 2271 138 64 Mrs.
2065 2268 211 67 Jewell
2311 2268 220 67 Hulett,
2569 2268 187 67 Pages

268 2359 76 57 49,
375 2359 115 57 373;
523 2359 70 57 In
621 2370 271 46 memory
922 2355 64 61 of
1014 2355 85 61 W.
1131 2353 67 63 O.
1228 2352 204 64 Bolen,
1462 2350 82 66 by
1572 2350 52 66 J.
1656 2349 61 67 T.
1749 2347 210 69 Pruitt,
1990 2347 154 69 Page
2178 2347 84 69 48;
2298 2346 67 70 In
2397 2358 265 58 memory
2694 2343 64 73 of

270 2436 57 49 L.
358 2436 52 49 J.
442 2434 397 58 McCullough
873 2433 117 60 and
1021 2433 139 60 Mrs.
1198 2430 201 63 Hattie
1432 2425 409 67 McCullough,
1876 2425 81 67 by
1989 2424 61 69 T.
2086 2424 61 69 C.
2182 2422 270 70 Jackson,
2493 2422 106 70 125,
2635 2422 117 70 395;

271 2514 64 46 In
361 2526 265 45 memory
658 2512 64 58 of
753 2512 118 58 Lee
904 2509 295 61 McGraw,
1233 2508 81 63 by
1344 2506 63 64 E.
1438 2506 54 64 J.
1524 2503 271 67 Brittain,
1827 2505 154 66 Page
2013 2502 115 69 377;
2166 2500 67 70 In
2263 2512 264 58 memory
2560 2497 61 73 of
2650 2497 105 73 Al¬

270 2590 102 49 vin
399 2592 220 57 Rogers
651 2587 120 61 and
802 2589 166 60 Mose
1002 2586 190 63 Creel,
1224 2586 82 63 by
1336 2584 70 64 A.
1438 2583 79 66 M.
1552 2581 196 67 Cagle,
1782 2581 184 67 Pages
1998 2580 114 69 459,
2146 2578 117 70 212;
2298 2578 66 70 In
2397 2589 265 60 memory
2695 2574 63 75 of

271 2668 102 48 Mr.
420 2668 114 49 and
576 2668 139 49 Mrs.
760 2664 256 54 Britnell
1062 2665 117 52 and
1219 2664 70 54 H.
1335 2662 69 55 A.
1449 2659 318 58 Vandiver,
1813 2658 79 60 by
1941 2656 108 61 Joe
2095 2656 213 61 Myers,
2359 2655 112 63 272,
2521 2653 115 64 285;
2688 2652 69 66 In

271 2760 256 43 memory
555 2746 61 57 of
640 2746 141 57 Mrs.
808 2743 217 60 Louisa
1050 2740 319 63 McCullar,
1396 2739 81 64 by
1503 2737 79 66 M.
1608 2736 61 67 F.
1696 2734 382 69 McWhorter,
2107 2733 154 70 Page
2290 2731 115 72 288;
2434 2725 324 78 Dismissed

271 2823 141 49 with
439 2838 220 45 prayer
688 2823 82 60 by
801 2821 103 61 the
937 2818 307 64 Chaplain.

399 2953 126 48 One
558 2952 151 49 hour
742 2950 96 51 for
870 2947 198 54 lunch.

396 3078 418 51 Reassembled
855 3076 82 58 by
976 3076 145 58 Vice
1161 3070 325 64 Chairman
1525 3066 241 69 Hughes
1807 3063 234 72 singing
2083 3061 94 73 157
2220 3060 63 75 in
2325 3060 189 75 honor
2556 3057 63 78 of
2659 3055 99 79 the

274 3156 118 49 sick
432 3156 115 51 and
586 3154 268 52 disabled
897 3153 136 54 who
1074 3163 160 43 were
1275 3145 220 61 unable
1537 3144 60 63 to
1639 3142 202 64 attend
1884 3139 100 67 the
2028 3136 370 70 Convention
2440 3133 120 73 this
2601 3145 157 61 year,

274 3234 139 49 with
445 3234 219 61 special
697 3234 307 61 reference
1039 3229 61 66 to
1135 3228 111 67 Mr.
1279 3225 64 70 L.
1377 3223 63 72 P.
1476 3220 202 75 Odem,
1711 3216 252 79 Brother
1998 3216 66 79 O.
2097 3216 61 79 P.
2193 3211 246 84 Walton.
2505 3210 255 85 Leaders

276 3325 148 36 were
459 3313 144 48 then
637 3312 192 49 called
864 3321 66 40 as
963 3306 256 55 follows;
1260 3303 66 58 Q.
1362 3297 252 64 Vaughn
1648 3295 112 66 419,
1803 3294 115 67 174;
1957 3291 229 70 Sharon
2226 3289 228 72 Causey
2491 3288 108 73 169,
2643 3286 114 75 117;

276 3390 93 49 Ive
396 3391 252 58 Vaughn
675 3390 114 60 297,
819 3387 118 63 234;
969 3385 141 64 Mrs.
1140 3378 144 72 Lola
1312 3375 250 75 Jenkins
1590 3370 153 79 426b,
1773 3370 115 79 216;
1920 3367 222 82 Martin
2170 3364 322 85 Blackmon
2523 3361 118 88 36b,
2673 3361 82 88 89;

274 3468 136 51 Miss
436 3469 117 49 Lee
580 3466 252 52 Perkins
864 3462 136 57 145t,
1033 3460 114 58 198;
1177 3457 144 61 Max
1348 3451 220 67 Sparks
1596 3448 111 70 200,
1737 3447 115 72 298;
1882 3444 144 75 Miss
2055 3444 150 75 Resa
2230 3441 276 78 McGraw
2533 3439 78 79 32,
2640 3438 117 81 371;

274 3546 178 49 Uncle
481 3546 150 49 Jack
661 3544 162 51 Kerr
849 3543 82 54 45,
963 3540 120 57 263;
1116 3535 142 61 Mrs.
1290 3528 187 69 Ludie
1507 3522 280 75 Lambert
1815 3522 114 75 242,
1959 3520 100 76 269
2088 3519 75 78 Jo
2191 3519 139 78 Ann
2361 3516 256 81 Jackson
2646 3513 114 84 334.

274 3624 73 49 At
390 3624 118 49 this
549 3622 171 60 point
760 3619 102 63 the
909 3610 375 72 Convention
1329 3600 345 82 recognized
1717 3597 100 85 the
1864 3607 282 75 presence
2194 3594 61 88 of
2299 3592 100 90 the
2445 3591 207 91 Mayor
2698 3589 63 93 of

274 3702 261 49 Oneonta
579 3697 273 61 together
895 3693 150 66 with
1089 3687 165 72 State
1297 3681 258 78 Officers
1596 3676 63 82 of
1698 3675 100 84 the
1842 3670 316 88 American
2200 3669 234 90 Legion.
2511 3666 172 93 After
2725 3678 34 81 a

274 3780 273 51 welcome
583 3777 246 54 address
864 3772 84 58 by
981 3769 103 61 the
1119 3765 226 66 Mayor,
1383 3756 165 75 State
1584 3750 289 81 Chaplain
1908 3750 270 81 Brunson
2214 3745 63 85 of
2310 3744 99 87 the
2445 3742 315 88 American

273 3856 216 60 Legion
522 3855 175 61 made
735 3867 36 49 a
808 3847 166 69 short
1009 3844 144 72 talk,
1188 3840 145 76 then
1369 3831 262 85 directed
1669 3841 61 75 as
1765 3825 100 91 the
1905 3822 369 94 Convention
2310 3831 142 85 sang
2487 3819 154 97 Page
2680 3817 78 99 61.

273 3934 181 52 While
487 3934 141 52 Carl
657 3930 244 60 Hughes
933 3933 145 57 sang
1107 3922 186 67 Pages
1324 3913 112 76 381,
1470 3907 111 82 378,
1615 3919 33 70 a
1678 3900 253 90 freewill
1962 3898 256 91 offering
2247 3909 120 81 was
2398 3895 178 94 taken
2605 3894 154 96 from

273 4014 93 49 the
396 4014 288 49 audience
715 4009 99 54 for
841 4011 292 52 expenses
1162 3994 64 69 in
1258 3984 244 79 amount
1531 3982 64 81 of
1623 3978 192 85 $95.74.

432 4141 144 51 Rest
615 4140 61 52 10
714 4131 277 61 minutes.

402 4273 171 52 Open
615 4267 79 58 by
735 4261 72 64 A.
849 4258 63 67 L.
952 4251 229 75 Parker
1224 4242 237 84 singing
1500 4236 114 90 296,
1656 4233 120 93 456;
1819 4228 156 97 after
2016 4224 195 102 which
2251 4224 99 102 the
2394 4219 367 106 Convention

270 4350 154 49 went
454 4348 129 51 into
618 4357 34 42 a
685 4336 166 63 short
885 4329 270 70 business
1188 4320 238 79 session.
1491 4309 220 90 Report
1743 4306 61 93 of
1836 4302 369 97 Resolutions
2238 4297 346 102 Committee
2619 4294 142 105 read

270 4428 76 49 bv
376 4429 69 48 W
492 4426 49 51 B
591 4414 336 63 Matthews,
960 4407 144 70 then
1135 4401 102 76 the
1267 4392 283 85 Locating
1585 4381 348 96 Committee
1968 4375 343 102 announced
2343 4374 127 103 that
2500 4374 99 103 the
2635 4374 124 103 1958

268 4462 376 87 Convention
672 4488 204 61 would
907 4485 73 64 be
1011 4477 142 72 held
1185 4476 64 73 in
1278 4461 442 88 Edwardsville,
1750 4456 304 93 Alabama.
2116 4450 192 99 Music
2335 4464 124 85 was
2488 4447 274 102 resumed

267 4585 76 58 by
381 4584 103 60 the
525 4567 310 76 following
874 4558 250 85 leaders:
1168 4551 82 93 W.
1291 4549 69 94 D.
1404 4537 303 106 Chappell,
1750 4534 114 109 324;
1911 4530 142 114 Miss
2092 4528 159 115 Judy
2290 4527 160 117 Gray
2491 4525 108 118 120,
2638 4524 117 120 291;
