3000 4800
814 171 324 46 ANNUAL
1176 169 298 49 SACRED
1512 169 207 49 HARP
1758 166 358 52 SINGINGS

2653 160 57 45 11

348 348 168 49 Class
546 349 195 49 called
768 349 60 49 to
861 349 174 49 order
1063 348 81 55 by
1173 346 189 57 Lloyd
1392 345 183 58 Wood
1603 343 247 60 singing,
1881 342 111 61 284,
2025 342 115 61 203;
2176 340 166 63 Susie
2376 339 193 64 Amos,
2602 334 111 69 222,

211 426 121 57 460;
372 424 270 58 Tommie
681 426 337 57 Frederick,
1057 426 114 57 436,
1209 424 117 58 426;
1368 424 139 58 Mrs.
1546 423 126 60 Ben
1710 418 219 64 Norris,
1969 418 111 64 328,
2119 418 117 64 428;
2275 415 148 67 Veto
2466 414 249 69 Godsey,

219 504 138 58 145t,
388 504 120 58 313;
544 504 84 58 W.
661 504 48 58 P
741 504 181 58 Bobo,
960 501 136 61 108t,
1131 501 114 61 109;
1281 499 213 63 Wilma
1525 498 198 64 Davis,
1755 496 120 66 39b,
1914 496 112 66 172;
2061 495 201 67 Elmer
2292 489 279 73 Conwell,
2604 489 112 73 272,

219 582 120 57 430;
382 580 147 58 Miss
568 580 183 58 Elene
793 579 301 60 Aldridge,
1138 579 109 60 153,
1290 577 117 61 405;
1452 576 187 63 Floyd
1678 571 333 67 Frederick,
2055 571 111 67 316,
2211 570 114 69 217;
2370 568 138 70 Mrs.
2550 565 172 73 Ruby

225 657 283 60 Conwell,
550 658 114 58 270,
708 658 112 58 208.

358 771 129 46 One
525 769 154 48 hour
720 768 96 49 for
852 766 199 51 lunch.

361 883 135 46 Bro.
529 879 198 51 Smith
756 879 214 58 graced
1000 877 102 60 the
1132 877 162 60 table
1329 874 115 63 and
1473 873 168 64 there
1672 886 123 51 was
1825 871 207 66 plenty
2061 870 64 67 of
2152 868 211 69 dinner
2394 867 94 70 for
2518 876 205 61 every¬

231 973 127 36 one.

372 1053 165 49 Class
586 1051 192 51 called
825 1053 61 49 to
937 1051 174 51 order
1159 1048 81 57 by
1290 1045 319 60 Chairman
1657 1042 232 63 singing
1939 1056 108 49 one
2097 1051 144 54 song
2290 1036 114 69 and
2454 1036 141 69 then
2646 1032 84 73 in¬

229 1129 291 52 troduced
561 1129 103 52 the
706 1131 202 57 pastor
951 1128 63 60 to
1054 1126 103 61 the
1203 1126 163 61 class,
1411 1125 141 63 Rev.
1596 1120 325 67 Patterson,
1969 1119 114 69 and
2128 1116 178 72 asked
2352 1113 126 75 him
2520 1111 61 76 to
2626 1123 103 64 say

232 1209 165 49 what
432 1221 142 37 ever
609 1206 75 52 he
720 1206 202 52 would
955 1204 124 54 like
1117 1204 60 54 to
1215 1216 103 43 say
1357 1201 178 58 about
1570 1200 100 60 the
1708 1197 246 63 singing.
2022 1195 88 64 He
2149 1192 127 67 said
2313 1204 34 55 a
2382 1191 85 69 lot
2503 1188 61 72 of
2599 1186 132 73 nice

243 1287 201 57 things
480 1285 61 58 to
577 1284 102 60 the
718 1284 150 60 class
907 1282 117 61 and
1063 1291 145 52 gave
1245 1293 72 51 us
1354 1293 33 51 a
1423 1278 210 66 hearty
1671 1275 282 69 welcome
1992 1270 117 73 and
2146 1270 178 73 asked
2362 1279 70 64 us
2472 1266 60 78 to
2571 1276 166 67 come

238 1365 153 49 back
427 1365 148 49 next
606 1375 147 43 year
786 1360 63 58 at
883 1359 118 60 this
1035 1359 145 60 time
1215 1359 97 60 for
1345 1354 249 64 another
1629 1351 223 67 all-day
1888 1348 247 70 singing.

373 1459 163 46 Next
576 1455 207 51 leader
820 1467 126 39 was
988 1450 196 55 Willie
1227 1450 210 55 Baldy;
1485 1447 144 58 Bert
1674 1444 208 61 Smith,
1927 1441 165 64 Estes
2137 1440 271 66 Jackson,
2451 1435 123 70 Jim
2620 1435 112 70 De-

249 1537 183 55 foore,
472 1536 66 57 R.
580 1534 57 58 S.
676 1533 202 60 Black,
922 1528 190 64 Linda
1152 1527 196 66 Amos,
1390 1525 61 67 T.
1492 1525 69 67 A.
1603 1522 204 70 Baldy,
1851 1519 234 73 Jenette
2125 1513 220 79 Norris,
2389 1515 129 78 Roy
2556 1512 187 81 Mays,

243 1615 126 48 Jim
405 1615 135 55 Lee,
579 1612 54 58 J.
672 1611 70 60 H.
783 1608 319 63 Ballinger,
1141 1603 306 67 Thornton
1488 1599 207 72 White,
1738 1596 202 75 Grady
1981 1596 243 75 Harper,
2266 1593 138 78 Mrs.
2446 1590 123 81 Eva
2607 1587 132 84 Bell

247 1690 225 58 Hyche,
511 1687 196 61 Willie
750 1684 282 64 Cantrell,
1069 1683 139 66 Mrs.
1249 1680 193 69 Willie
1482 1680 67 69 A.
1588 1678 250 70 Bonner,
1879 1672 186 76 Floyd
2106 1669 195 79 Davis.
2373 1666 121 82 The
2538 1663 199 85 Chair¬

249 1782 139 34 man
433 1777 145 46 sang
624 1762 232 61 several
900 1759 268 64 requests
1215 1758 117 66 and
1378 1755 189 69 called
1612 1755 94 69 for
1752 1747 511 76 announcements.
2341 1744 121 79 The
2511 1740 229 84 singing

250 1860 123 34 was
411 1842 351 52 announced
795 1840 97 54 for
928 1837 118 57 this
1084 1836 223 58 church
1342 1833 145 61 next
1521 1843 157 51 year,
1716 1828 100 66 the
1854 1827 159 67 third
2049 1824 241 70 Sunday
2325 1822 64 72 in
2424 1818 319 76 February,

256 1926 147 54 1958;
442 1923 115 57 and
591 1930 298 49 everyone
921 1915 229 64 invited
1180 1915 60 64 to
1275 1923 162 57 come
1468 1908 168 72 back,
1671 1908 112 72 and
1818 1920 60 60 as
1914 1902 292 78 secretary
2241 1897 115 82 and
2386 1897 133 82 part
2551 1894 61 85 of
2643 1893 99 87 the

255 1999 339 51 committee
634 1998 25 52 I
699 1996 163 54 want
901 1995 61 55 to
1006 1990 187 60 thank
1231 1989 99 61 the
1375 1987 150 63 good
1566 1983 208 67 people
1819 1983 63 67 of
1921 1980 117 70 this
2082 1974 360 76 community
2485 1972 94 78 for
2620 1969 130 81 that

256 2079 127 48 fine
424 2077 214 49 dinner
676 2073 118 54 and
834 2071 103 55 the
975 2070 151 57 class
1164 2067 96 60 for
1296 2064 159 63 their
1492 2059 273 67 splendid
1807 2055 375 72 cooperation
2224 2052 213 75 during
2473 2049 105 78 the
2617 2046 132 81 day.

258 2155 325 49 Chairman
616 2160 148 49 sang
802 2149 100 60 the
943 2145 226 64 closing
1210 2152 144 57 song
1395 2142 115 67 and
1549 2152 121 57 was
1711 2134 307 75 dismissed
2059 2131 145 78 with
2244 2140 211 69 prayer
2496 2125 78 84 by
2614 2124 132 85 Bro.

259 2232 327 49 Patterson.

1465 2310 69 46 D.
1564 2308 79 48 M.
1672 2301 408 57 ALDRIDGE,
2116 2298 315 60 Chairman

1468 2383 255 49 LLOYD
1759 2379 243 57 WOOD,
2037 2373 487 63 Vice-Chairman

1468 2461 157 49 ROY
1660 2457 228 55 MAYS,
1924 2454 309 58 Secretary

1021 2839 220 76 Pine
1308 2832 288 84 Grove
1662 2826 364 100 Singing

1098 2994 256 55 Sunday,
1386 2989 301 60 February
1717 2985 78 64 24,
1830 2983 126 66 1957

412 3133 205 51 Called
651 3133 61 51 to
747 3129 175 55 order
954 3126 81 58 by
1068 3123 51 61 J.
1155 3121 69 63 D.
1258 3118 153 66 Wall
1443 3114 244 70 singing,
1722 3111 105 73 32t,
1863 3109 103 75 70t.
2002 3108 220 76 Prayer
2257 3103 78 81 by
2373 3100 136 84 Otto
2544 3096 220 88 Allred.

277 3213 282 49 Business
600 3207 243 55 session:
925 3201 334 61 Chairman,
1305 3195 52 67 J.
1399 3193 67 69 D.
1510 3189 166 73 Wall;
1722 3183 502 79 Vice-Chairman,
2269 3180 117 82 Lee
2430 3174 340 88 Chambers.

280 3288 342 58 Arranging
664 3280 370 66 Committee,
1086 3276 139 70 Otto
1267 3270 225 76 Allred,
1537 3265 183 81 Ennis
1767 3262 165 84 Wall.
2016 3256 325 90 Secretary,
2386 3253 141 93 Mrs.
2574 3249 198 97 Alpha

282 3367 276 49 Pittman.
643 3358 280 58 Business
978 3352 225 64 session
1255 3346 210 70 closed.
1555 3340 244 76 Singing
1854 3334 328 82 continued.
2266 3327 508 90 Vice-Chairman,

288 3445 108 57 129,
435 3442 112 60 159;
585 3436 190 66 Floyd
810 3432 198 70 Davis,
1045 3429 151 73 348b,
1234 3426 117 76 349;
1390 3423 138 79 Otto
1563 3417 223 85 Allred,
1824 3415 109 87 110,
1971 3414 112 88 216,
2119 3411 61 91 T.
2217 3411 61 91 P.
2314 3405 306 97 Woodard,
2656 3402 114 100 336,

283 3522 120 55 441;
442 3516 226 61 Robert
703 3513 318 64 Aldredge,
1060 3507 114 70 440,
1212 3502 120 75 224;
1374 3501 141 76 Mrs.
1552 3496 124 81 Foy
1711 3489 334 88 Frederick,
2088 3487 108 90 197,
2238 3484 114 93 453;
2394 3481 144 96 Miss
2577 3481 201 96 Agnes

286 3598 165 55 Wall,
487 3597 112 57 379,
640 3594 115 60 391;
796 3589 78 64 M.
913 3588 60 66 E.
1011 3586 237 67 Bowen,
1287 3579 111 75 217,
1437 3576 114 78 340;
1593 3574 180 79 Oscar
1810 3568 267 85 Putman,
2118 3564 111 90 272,
2266 3562 115 91 411;
2422 3559 138 94 Mrs.
2601 3556 64 97 O.
2703 3555 69 99 H.

286 3673 288 55 Handley,
612 3670 109 58 172,
756 3667 118 61 430;
910 3664 154 64 Joan
1095 3657 313 72 Aldredge,
1443 3654 111 75 358,
1587 3649 117 79 306;
1741 3645 180 84 Ennis
1954 3642 165 87 Wall,
2158 3640 108 88 181.
2301 3636 331 93 Chairman,
2671 3631 103 97 76t.

418 3787 142 46 Rest
595 3781 63 52 10
691 3775 274 58 minutes.

421 3894 210 51 Called
672 3892 60 52 to
774 3888 178 57 order
994 3885 81 60 by
1119 3883 64 61 R.
1225 3880 70 64 A.
1342 3873 241 72 Canant,
1629 3870 112 75 316,
1785 3868 117 76 365;
1950 3865 66 79 R.
2059 3864 70 81 H.
2173 3858 316 87 Burnham,
2536 3855 78 90 63,
2661 3852 117 93 208;

291 3975 196 60 Alpha
513 3970 277 64 Pittman,
820 3964 112 70 222,
961 3961 117 73 292;
1110 3958 51 76 J.
1189 3958 67 76 H.
1288 3954 270 81 Defoore,
1587 3946 111 88 436,
1726 3945 114 90 419;
1872 3943 51 91 J.
1951 3942 81 93 W.
2061 3937 277 97 Johnson,
2367 3933 111 102 298,
2506 3930 117 105 434;
2655 3928 127 106 Roy

291 4054 156 54 May,
478 4050 112 58 283,
621 4047 118 61 456;
772 4044 141 64 Mrs.
943 4038 222 70 Nelson
1194 4030 220 78 Butler,
1449 4027 108 81 142,
1588 4024 115 84 215;
1737 4021 165 87 Loyd
1930 4015 196 93 Wood,
2157 4014 111 94 396,
2298 4011 115 97 302;
2449 4009 63 99 O.
2544 4006 70 102 A.
2643 4006 138 102 Par-

289 4131 97 57 ris,
427 4129 81 58 84,
550 4125 126 63 95b;
715 4122 226 66 Dewey
979 4107 412 81 McCullough,
1435 4104 109 84 120,
1588 4101 114 87 297;
1744 4099 205 88 Henry
1989 4090 313 97 Vandiver,
2347 4086 109 102 293,
2508 4084 111 103 196;
2664 4081 124 106 Jim

291 4206 298 54 Woodley,
631 4200 112 60 282,
787 4197 115 63 380;
948 4192 138 67 Ann
1126 4185 181 75 Wood
1351 4180 117 79 and
1509 4179 109 81 Pat
1657 4176 220 84 Butler,
1920 4171 111 88 460,
2079 4168 111 91 112;
2235 4165 81 94 W.
2361 4164 66 96 H.
2473 4158 309 102 Chandler,

294 4287 111 55 269,
444 4284 115 58 355;
600 4278 156 64 John
793 4269 234 73 Hocutt,
1063 4266 112 76 236,
1218 4263 111 79 193;
1369 4260 67 82 G.
1476 4255 55 87 S.
1567 4254 163 88 Doss,
1765 4249 112 93 284,
1915 4248 112 94 286.

429 4398 126 48 One
595 4392 153 54 hour
786 4386 94 60 for
918 4377 198 69 lunch.

429 4506 208 55 Called
669 4507 61 54 to
765 4498 180 63 order
975 4495 81 66 by
1087 4494 117 67 Lee
1239 4483 337 78 Chambers,
1611 4477 117 84 280;
1764 4477 208 84 Benny
2005 4471 204 90 Capps,
2245 4468 111 93 377,
2391 4465 117 96 442;
2542 4461 249 100 Preston

294 4594 262 48 Warren.
595 4582 112 60 439.
748 4578 114 64 386;
906 4576 60 66 L.
1009 4572 64 70 O.
1114 4561 300 81 Gilliland,
1456 4558 111 84 205,
1606 4554 157 88 435t.;
1807 4551 136 91 Mrs.
1983 4548 198 94 James
2221 4542 409 100 Smitherman,
2671 4537 120 105 314;
