3000 4800
255 211 63 46 54
517 207 393 55 ALABAMA,
949 205 354 57 GEORGIA,
1339 199 456 63 MISSISSIPPI,
1834 195 162 67 AND
2035 183 433 79 TENNESSEE

387 388 196 46 House
618 384 187 51 called
837 382 60 52 to
930 382 172 52 order
1134 382 78 55 by
1245 381 217 57 Nelson
1495 376 207 61 Butler
1732 373 234 64 singing
2001 370 112 67 318.
2184 363 244 75 Charles
2461 358 253 79 Kitchen,

256 466 145 46 Tom
432 466 244 54 Harper,
708 462 111 58 441,
852 460 114 60 384;
1002 457 300 63 Charlotte
1335 457 219 63 Butler,
1587 454 112 66 297,
1729 453 115 67 426;
1881 450 67 70 G.
1983 448 55 72 S.
2071 447 163 73 Doss,
2268 442 121 78 Dee
2424 438 160 82 Wall,
2619 441 91 79 121,

258 543 115 55 391;
423 540 255 58 Marlece
727 537 268 61 Kitchen,
1045 535 111 63 222,
1210 534 108 64 120,
1371 532 219 66 Harris,
1641 531 108 67 220,
1800 528 115 70 432;
1971 523 127 75 Bob
2148 522 252 76 Denson,
2457 516 103 82 197,
2608 517 100 81 216;

258 619 232 49 Martha
526 615 330 55 Frederick,
894 613 109 57 422,
1042 612 111 58 439.
1222 609 310 61 Memorial
1566 607 207 63 lesson.
1843 604 102 66 We
1986 601 99 69 the
2125 595 217 75 Sacred
2380 594 160 76 Harp
2577 594 132 76 sing¬

258 709 94 36 ers
384 696 169 49 deem
586 693 46 52 it
666 705 108 40 our
810 691 142 54 duty
985 691 60 54 to
1078 685 328 60 remember
1441 697 106 48 our
1584 682 214 63 Sacred
1831 681 165 64 Harp
2031 676 226 69 singers
2293 670 115 75 and
2442 672 187 73 lovers
2661 675 54 70 of

255 774 100 48 the
385 783 172 46 songs
586 771 60 58 in
678 784 31 45 a
736 765 321 64 memorial.
1119 763 121 66 The
1269 760 304 69 following
1600 771 157 58 were
1788 757 217 72 chosen
2032 754 60 75 to
2125 751 129 78 sing
2283 750 99 79 the
2412 748 300 81 memorial,

259 852 109 48 Mr.
399 852 156 55 Foye
586 844 328 63 Frederick,
948 843 111 64 304,
1092 843 114 64 395;
1240 840 109 67 Mr.
1384 838 54 69 S.
1470 837 60 70 E.
1561 837 163 70 Doss,
1758 835 112 72 285,
1905 832 115 75 235;
2056 829 109 78 Mr.
2199 825 220 82 Robert
2449 825 261 82 Aldridge

261 930 78 55 83,
372 928 117 57 448;
526 925 162 60 They
718 936 159 49 were
907 921 60 64 to
999 919 132 66 sing
1161 918 63 67 in
1255 928 267 57 memory
1554 913 66 72 of
1647 910 201 75 Hattie
1881 906 318 79 McCullar,
2233 904 63 81 L.
2329 903 54 82 J.
2416 901 294 84 McCullar,

261 1006 108 48 Mr.
421 1005 115 49 and
585 1003 138 51 Mrs.
772 999 231 55 Leborn
1051 993 265 61 Britnell,
1363 991 157 63 John
1569 988 196 66 Davis,
1819 999 142 55 near
2013 981 420 73 Birmingham,
2484 979 229 75 Thomas

262 1081 208 57 Farris,
505 1081 108 57 Mr.
646 1078 162 60 Mose
843 1074 184 64 Creel,
1062 1074 109 64 Mr.
1206 1072 114 66 Lee
1354 1068 291 70 McGraw.
1713 1065 121 73 The
1867 1062 226 76 singers
2128 1059 151 79 wish
2311 1057 60 81 to
2406 1057 309 81 remember

262 1162 202 52 Henry
502 1156 297 58 Vandiver
840 1152 132 63 who
1015 1150 138 64 took
1195 1149 123 66 sick
1363 1146 58 69 at
1464 1158 105 57 our
1612 1140 352 75 convention
2011 1152 73 63 on
2131 1135 306 79 Saturday.
2514 1135 198 79 Dewey

264 1236 298 49 McCullar
597 1245 142 45 sang
774 1231 111 58 379.

397 1347 124 48 One
558 1344 150 51 hour
744 1342 93 52 for
871 1338 195 57 lunch.

396 1456 102 46 We
534 1452 115 51 had
687 1465 36 37 a
759 1449 192 60 picnic
985 1446 181 63 lunch
1206 1446 61 63 in
1308 1444 99 64 the
1446 1441 165 67 park.
1684 1437 121 72 The
1845 1438 184 70 house
2070 1449 123 60 was
2235 1434 187 75 called
2461 1434 58 75 to
2560 1432 154 76 order

265 1533 78 57 by
376 1533 217 57 Dewey
627 1528 298 61 McCullar
961 1524 228 66 singing
1224 1522 78 67 34.
1371 1516 348 73 Committee
1756 1513 189 76 called
1978 1513 100 76 the
2112 1510 249 79 leaders:
2433 1510 112 79 Lee
2580 1509 132 81 Well

270 1609 111 57 316,
414 1609 114 57 355;
564 1608 64 58 O.
661 1606 66 60 A.
762 1603 283 63 Handley,
1081 1600 109 66 386,
1227 1599 115 67 402;
1378 1596 195 70 Frank
1606 1596 207 70 Burns,
1849 1591 112 75 431,
2002 1590 112 76 178;
2152 1588 259 78 Herman
2445 1585 271 81 Lambert,

274 1686 106 55 189,
411 1686 114 55 371;
558 1683 277 58 Florence
865 1680 160 61 Doss,
1057 1678 109 63 336,
1198 1677 115 64 338;
1345 1675 61 66 L.
1438 1672 61 69 C.
1534 1669 252 72 Calvert,
1819 1669 111 72 428,
1963 1668 115 73 411;
2112 1665 144 76 Pick
2287 1663 297 78 Woodard,
2614 1663 99 78 223,

271 1762 79 55 98;
388 1759 141 58 Odis
561 1759 234 58 Parker,
832 1758 105 60 198,
975 1756 109 61 181;
1120 1752 193 66 Alpha
1347 1750 273 67 Pittman,
1656 1747 111 70 350,
1801 1746 115 72 292;
1951 1743 222 75 Luther
2209 1740 231 78 aBrton,
2476 1741 106 76 328,
2614 1740 99 78 204.

400 1869 139 48 Rest
577 1869 60 48 10
672 1866 267 51 minutes.

403 1980 193 45 House
634 1975 186 49 called
855 1974 60 51 to
948 1972 172 52 order
1153 1971 79 58 by
1267 1971 94 58 Ira
1395 1969 199 60 James
1630 1966 115 63 438;
1785 1965 69 64 A.
1893 1965 55 64 S.
1987 1963 237 66 Parker,
2263 1962 111 67 296,
2410 1960 115 69 419;
2563 1959 154 70 Irene

274 2056 234 52 Parker,
543 2053 109 55 234,
688 2052 112 57 280;
838 2049 135 60 Otto
1005 2047 237 61 McCoy,
1276 2047 109 61 218,
1419 2046 115 63 434;
1572 2044 160 64 Lena
1764 2043 64 66 B.
1861 2040 192 69 Kilgo,
2088 2040 112 69 313,
2236 2038 82 70 63;
2353 2035 196 73 Hattie
2580 2035 135 73 Rob¬

277 2131 130 55 erts,
438 2133 82 54 45;
553 2130 168 57 Mary
751 2127 279 60 Gardner,
1065 2125 108 61 196,
1203 2124 115 63 442;
1353 2121 267 66 Leonard
1653 2118 276 69 Overton,
1966 2116 108 70 186,
2107 2116 115 70 283;
2257 2115 151 72 Joan
2439 2112 279 75 Aldridge,

276 2208 109 54 272,
429 2206 114 57 327;
589 2205 216 58 Dewey
849 2202 297 61 McCullar
1189 2199 99 64 the
1336 2197 300 66 president
1681 2205 142 58 sang
1870 2194 102 69 69b
2020 2194 96 69 for
2161 2193 99 70 the
2311 2190 216 73 closing
2575 2199 142 64 song.

277 2284 214 54 Prayer
526 2281 76 57 by
636 2281 127 57 Bro.
799 2280 58 58 L.
892 2278 60 60 L.
985 2277 276 61 Wilborn.

1452 2365 268 48 DEWEY
1774 2364 420 54 McCULLAR,
2250 2359 303 58 President

1455 2442 336 48 CHESTER
1834 2440 255 55 CREEL,
2134 2439 145 57 Vice
2325 2437 297 58 President

1453 2518 202 46 LENA
1695 2518 256 54 KILGO,
1995 2517 124 55 Sec.
2164 2517 115 55 and
2319 2515 310 57 Treasurer

750 2952 345 100 Orange
1177 2950 318 102 Sacred
1573 2950 244 102 Harp
1905 2950 366 102 Singing

1294 3123 139 55 July
1473 3123 76 55 21,
1593 3123 121 55 1957

415 3252 129 45 Was
588 3249 183 48 called
814 3249 58 48 to
918 3249 169 48 order
1131 3249 76 57 by
1254 3247 99 58 the
1399 3249 315 57 Chairman
1758 3250 270 55 Fletcher
2076 3250 235 55 Session
2358 3249 226 58 singing
2628 3247 100 60 331.

285 3328 216 54 Prayer
529 3327 78 55 by
637 3327 106 55 Mr.
775 3325 234 57 Arther;
1044 3324 153 58 First
1227 3325 213 57 leader,
1473 3327 67 55 H.
1573 3325 58 57 E.
1668 3325 193 57 Cagle,
1897 3327 108 55 101,
2041 3327 114 55 399;
2193 3327 156 55 John
2380 3325 216 57 Bailey,
2632 3322 94 60 129,

289 3403 108 55 192;
436 3403 151 55 Hose
624 3402 153 57 Cole,
817 3403 105 55 121,
963 3402 111 58 192;
1111 3402 244 58 Wilford
1392 3402 340 58 Wakefield,
1773 3403 111 57 204,
1923 3403 114 57 205;
2077 3403 105 57 Joe
2220 3403 219 57 Norris,
2478 3403 108 57 269,
2623 3399 105 61 220;

285 3480 106 46 Mr.
426 3478 229 57 Martin,
691 3480 108 55 411,
835 3480 114 55 419;
987 3478 123 57 Roy
1146 3478 150 57 May,
1332 3480 109 55 283,
1479 3478 111 57 456.

415 3588 136 48 Rest
589 3588 60 48 10
684 3586 267 49 minutes.

412 3697 199 48 Called
652 3697 58 48 to
757 3697 169 48 order
970 3697 78 57 by
1093 3697 315 57 Chairman
1452 3697 231 58 singing
1729 3700 112 55 156;
1891 3700 234 55 Charlie
2173 3700 282 55 Clement,
2505 3700 76 55 33,
2631 3696 102 60 100;

285 3775 166 54 Mary
486 3774 337 57 Wakefield,
858 3775 78 55 46,
976 3775 109 55 137;
1126 3774 58 57 T.
1222 3775 60 55 T.
1318 3775 150 55 Hall,
1512 3777 106 55 145,
1656 3777 115 55 274;
1812 3777 210 55 Lanett
2059 3777 219 55 Norris,
2319 3777 109 55 208,
2467 3777 115 55 402;
2625 3772 111 60 Sim

285 3850 337 55 Wakefield,
666 3852 109 54 318,
825 3852 114 55 392;
990 3850 169 57 Delia
1206 3852 198 55 Watts,
1456 3853 76 54 60,
1585 3853 114 55 215;
1756 3853 187 55 Rufus
1993 3855 219 54 Norris,
2268 3855 109 54 286,
2431 3855 114 54 298;
2598 3850 139 58 Dian

286 3928 201 55 Smith,
523 3930 105 54 168,
661 3928 111 55 340;
807 3928 136 55 Mrs.
975 3927 229 58 Martin,
1237 3930 109 55 216,
1384 3930 109 55 126;
1530 3930 168 55 Delia
1728 3930 154 55 Holt,
1917 3931 109 54 349,
2059 3931 114 55 396;
2208 3931 60 55 T.
2302 3933 67 54 H.
2403 3930 201 57 Baldy,
2637 3927 103 60 209,

285 4006 109 46 300.

414 4116 138 48 Rest
591 4117 58 46 10
685 4114 265 49 minutes.

417 4224 198 48 Called
646 4225 57 46 to
736 4225 169 48 order
937 4227 76 57 by
1045 4227 117 57 Jim
1194 4227 217 57 Defoor
1444 4227 244 58 singing,
1722 4228 76 57 76,
1833 4228 114 57 201;
1983 4227 262 58 Tommie
2278 4228 330 57 Frederick,
2641 4225 103 60 298,

285 4303 114 55 328;
438 4303 117 55 Foy
595 4303 337 55 Wakefield,
972 4305 109 54 430,
1123 4305 109 55 183;
1275 4305 76 55 M.
1389 4305 63 55 B.
1491 4303 187 57 Mabe,
1717 4305 111 55 403,
1869 4305 115 55 460;
2028 4303 189 57 Helen
2257 4305 331 55 Wakefield
2628 4302 120 58 ,405,

285 4381 114 54 332;
435 4380 186 57 Lloyd
652 4380 222 57 Woods,
909 4381 112 55 381,
1060 4383 111 55 153;
1207 4381 210 57 Merlie
1452 4381 135 57 Mae
1621 4381 265 57 Thomas,
1927 4381 106 57 167,
2073 4381 114 57 206;
2229 4381 58 57 F.
2323 4381 69 57 A.
2431 4383 175 55 Peak,
2646 4380 102 58 108,

285 4458 114 57 313;
432 4458 156 57 Lena
619 4456 186 58 Bates,
837 4459 111 55 406,
984 4459 111 55 176;
1129 4458 166 57 Susie
1326 4456 211 58 Miller,
1572 4458 111 57 428,
1719 4458 106 57 142.

417 4567 123 46 One
579 4566 145 49 hour
763 4567 90 48 for
891 4567 193 49 lunch.
