3000 4798
816 165 327 49 ANNUAL
1180 168 298 48 SACRED
1515 166 208 49 HARP
1761 162 360 54 SINGINGS

2653 156 63 46 51

220 345 114 52 mie
366 343 249 58 Harper,
651 342 115 60 222,
802 343 120 58 442;
958 343 192 58 Jessie
1183 345 238 57 Adams,
1459 345 109 57 138,
1603 343 84 58 75;
1723 339 219 63 Myrtie
1977 340 133 61 Mae
2146 336 267 66 Thomas,
2448 333 114 69 408,
2601 330 115 72 167;

223 421 183 58 Lloyd
448 420 201 60 Wood,
694 420 117 60 399,
856 420 81 60 by
984 423 256 58 request,
1287 420 324 61 Chairman
1657 421 114 60 185;
1818 415 325 66 Dismissed
2188 412 148 69 with
2379 421 216 60 prayer
2640 408 81 73 by

223 505 127 46 Bro.
393 498 259 54 Richard
697 498 256 57 Godsey,
1000 498 139 57 thus
1186 498 228 57 closing
1456 511 114 43 one
1617 496 63 58 of
1725 495 100 60 the
1870 493 132 61 best
2046 489 262 66 singings
2352 486 129 69 that
2527 486 27 69 I
2598 496 124 58 was

223 594 139 36 ever
391 579 76 51 in.

1432 669 253 48 FLOYD
1737 661 447 55 FREDERICK,
2232 658 316 58 Chairman

1434 744 256 49 LLOYD
1731 741 244 57 WOOD,
2014 739 142 58 Vice
2199 735 318 63 Chairman

1434 822 160 48 ROY
1630 819 232 57 MAYS,
1905 816 312 60 Secretary

1437 897 318 57 Hamilton,
1789 894 129 60 Ala.

1447 1114 78 76 m

481 1365 177 79 Old
736 1359 372 85 Corintli
1189 1356 397 102 Singing,
1668 1351 408 106 Winston
2151 1344 343 114 County

1284 1513 144 57 July
1458 1512 78 58 14,
1570 1510 127 60 1957

379 1656 162 48 Class
574 1651 190 52 called
795 1650 60 54 to
888 1648 174 55 order
1095 1645 78 58 by
1206 1641 321 63 Chairman
1558 1638 126 66 Sim
1713 1632 331 72 Wakefield
2074 1629 232 75 singing
2337 1642 33 61 a
2400 1627 117 76 few
2550 1633 187 70 songs.

247 1735 220 55 Prayer
498 1731 79 60 by
609 1731 118 60 Lee
763 1725 340 66 Chambers.
1170 1720 123 70 The
1326 1717 150 73 class
1507 1713 180 78 voted
1714 1711 61 79 to
1809 1710 192 81 retain
2029 1707 102 84 the
2166 1705 240 85 officers
2439 1714 63 76 as
2535 1701 63 90 of
2623 1699 117 91 last

249 1825 156 43 year.
466 1809 124 60 Sim
621 1803 348 66 Wakefield,
999 1800 343 69 Chairman;
1371 1795 63 73 E.
1462 1794 70 75 A.
1563 1789 297 79 Woodley,
1888 1786 144 82 Vice
2061 1783 319 85 Chairman
2407 1779 117 90 and
2551 1777 189 91 Alene

255 1888 288 55 Woodley,
600 1882 330 61 Secretary.
1017 1873 342 70 Arranging
1414 1867 369 76 Committee,
1839 1866 43 78 I.
1936 1864 79 79 M.
2073 1860 282 84 Woodley
2410 1855 118 88 and
2583 1852 160 91 Cecil

252 1968 270 49 Sanders.
613 1962 156 55 First
825 1957 222 60 leader,
1104 1954 118 63 Lee
1279 1948 340 69 Chambers,
1675 1944 159 73 John
1890 1938 234 79 Hocutt,
2181 1935 253 82 Herbert
2493 1930 250 87 Godsey,

259 2044 156 51 Cecil
462 2041 271 54 Sanders,
778 2032 255 63 Wilford
1078 2028 348 67 Wakefield,
1473 2022 231 73 Ronald
1750 2019 277 76 Gilmore,
2077 2013 205 82 Bobby
2332 2011 207 84 Capps,
2587 2008 156 87 Faye

252 2119 346 52 Wakefield.
670 2118 127 54 One
835 2124 147 48 song
1014 2110 82 61 by
1131 2107 319 64 chairman.

387 2232 142 51 Rest
567 2230 63 52 10
663 2226 276 57 minutes.

391 2347 207 51 Called
631 2346 60 52 to
732 2343 175 55 order
943 2340 81 58 by
1060 2337 63 61 E.
1162 2335 70 63 A.
1270 2329 262 69 Woodly.
1606 2326 234 72 Marion
1878 2320 178 78 Chaff
2059 2319 75 79 in,
2175 2317 192 81 Helen
2404 2308 345 90 Wakefield,

255 2427 235 49 Marvin
526 2422 187 55 Waid;
759 2416 196 61 Willie
997 2413 222 64 Rhode,
1260 2410 111 67 Mr.
1413 2407 276 70 German,
1729 2398 220 79 Walter
1992 2392 345 85 Wakefield,
2380 2388 190 90 Rufus
2613 2385 135 93 Tid-

258 2503 151 58 well,
445 2503 204 58 Ganus
682 2493 351 69 Wakefield,
1068 2490 202 72 Agnes
1303 2484 166 78 Wall,
1507 2496 112 66 one
1657 2488 145 73 song
1834 2478 81 84 by
1950 2472 334 90 Chairman.

396 2617 124 48 One
549 2614 153 51 hour
729 2610 96 55 for
850 2604 199 61 lunch.

397 2725 205 51 Called
630 2724 61 52 to
723 2721 175 55 order
928 2718 81 58 by
1039 2716 40 60 I.
1114 2713 69 63 G.
1213 2707 303 69 Woodley;
1549 2703 225 73 Bennie
1807 2700 208 76 Capps,
2050 2694 150 82 Silas
2235 2689 210 87 Curtis,
2478 2682 279 94 Kenneth

261 2805 273 55 Fannins,
571 2799 220 61 Emmit
826 2791 273 69 Bennett,
1135 2787 196 73 Virgil
1366 2782 183 78 Waid,
1587 2778 193 82 Nellie
1819 2773 250 87 Godsey,
2109 2770 115 90 Lee
2265 2764 339 96 Chambers,
2641 2773 115 87 one

271 2895 138 46 song
442 2883 79 58 by
556 2878 337 63 Chairman.

399 2992 141 51 Rest
577 2991 63 52 10
673 2986 274 57 minutes.

402 3103 204 51 Called
639 3100 61 54 to
738 3099 174 55 order
945 3094 82 60 by
1063 3090 336 64 Chairman,
1437 3081 240 73 Loretta
1711 3076 250 78 Godsey,
1998 3069 255 85 Patricia
2290 3066 202 88 Odem,
2529 3058 232 96 Marion

271 3183 253 57 Chaffin,
568 3177 228 63 Bennie
841 3175 213 64 Capps,
1099 3168 193 72 Rufus
1335 3157 265 82 Tidwell,
1648 3157 61 82 E.
1753 3153 70 87 A.
1867 3148 297 91 Woodley,
2208 3147 141 93 Rev.
2395 3141 61 99 C.
2503 3139 69 100 G.
2619 3135 144 105 Cole

273 3261 261 49 thanked
574 3267 298 46 everyone
915 3252 97 61 for
1054 3246 148 67 such
1245 3256 37 57 a
1326 3240 153 73 good
1521 3232 249 81 singing.
1845 3226 319 87 Chairman
2208 3232 145 81 sang
2395 3219 99 94 the
2541 3213 222 100 closing

271 3351 160 46 song.
499 3339 223 58 Prayer
757 3333 82 64 by
874 3330 102 67 the
1012 3322 208 75 Pastor
1257 3321 142 76 Rev.
1438 3315 61 82 C.
1537 3313 66 84 G.
1644 3307 157 90 Cole.

1476 3406 133 49 SIM
1651 3396 468 60 WAKEFIELD,
2166 3391 319 64 Chairman

1477 3484 61 48 E.
1579 3483 69 49 A.
1690 3474 394 58 WOODLEY,
2127 3469 144 63 Vice
2310 3465 321 67 Chairman

1477 3556 250 52 ALENE
1774 3549 393 60 WOODLEY,
2212 3544 312 64 Secretary

279 4060 370 84 Chaffin
690 4050 208 94 And
939 4039 517 105 Harbinson
1497 4023 415 121 Reunion
1953 4017 112 127 At
2106 4015 208 129 New
2352 4011 424 133 Prospect

1260 4192 142 55 July
1440 4189 78 58 20,
1560 4185 78 63 21,
1683 4180 124 67 1957

411 4353 127 51 Met
570 4341 316 63 Saturday,
918 4332 147 72 July
1095 4327 67 76 20
1192 4324 61 79 at
1287 4321 64 82 10
1380 4332 49 72 a.
1459 4329 79 75 m.
1569 4312 67 91 R.
1668 4308 72 96 A.
1773 4305 229 99 Canant
2032 4299 231 105 singing
2295 4296 118 108 49b,
2446 4293 118 111 36b.
2598 4293 177 111 Pray

274 4450 70 33 er
379 4431 220 52 Louise
637 4420 288 63 Johnson.
999 4398 331 85 Organized
1369 4395 66 88 R.
1473 4390 70 93 A.
1584 4383 243 100 Canant,
1867 4378 336 105 Chairman;
2248 4371 232 112 Marion
2520 4368 258 115 Chaffin,

279 4504 499 60 Vice-Chairman
819 4488 118 76 and
979 4485 63 79 C.
1083 4482 63 82 L.
1188 4471 300 93 Garrison,
1531 4461 327 103 Secretary.
1932 4452 334 112 Arranging
2308 4446 364 118 Committee,
2716 4443 61 121 C.

277 4593 48 48 E
379 4579 244 61 Calvert
661 4573 117 67 and
814 4569 63 72 T.
918 4564 69 76 G.
1024 4555 207 85 Hollis,
1273 4546 318 94 Chairman
1629 4549 144 91 sang
1809 4536 81 105 56;
1932 4531 291 109 Welcome
2260 4528 193 112 lesson
2493 4524 81 117 by
2611 4521 60 120 T.
2709 4519 70 121 G.
