3000 4800
823 168 325 54 ANNUAL
1186 175 300 51 SACRED
1521 181 210 49 HARP
1767 184 358 49 SINGINGS

2655 189 60 48 87

357 337 207 49 Called
604 339 61 48 to
706 343 178 48 order
924 345 79 60 by
1047 349 61 55 C.
1150 351 69 54 H.
1260 352 205 61 Yancy
1507 357 232 61 singing
1783 361 108 57 101,
1933 363 82 55 61;
2059 363 120 55 Jim
2220 364 217 54 Defoor
2479 366 78 55 74,
2599 366 117 55 442;

234 420 129 49 Mrs.
397 415 258 54 Thomas
691 420 115 57 428,
844 423 120 58 283;
1006 426 219 55 Ruffus
1261 430 207 51 Norris
1506 433 78 58 77,
1626 436 114 55 286;
1780 436 138 55 Mrs.
1957 438 67 54 G.
2065 438 58 54 E.
2163 439 252 52 Howton
2455 442 108 54 189,
2605 442 111 55 192;

238 498 133 49 Miss
403 495 199 52 Farns
639 496 114 58 380,
793 499 112 57 196;
946 501 141 55 Mrs.
1123 505 223 51 Barnes
1381 510 112 54 204,
1530 511 117 60 329;
1683 513 60 58 E.
1777 511 61 60 T.
1876 513 192 58 Smith
2103 516 109 55 260,
2250 516 114 55 392;
2403 517 144 54 Miss
2581 517 138 54 Bar¬

238 577 132 49 bara
400 574 138 52 Ann
571 573 294 60 Seymour
898 579 114 57 456,
1050 582 114 57 143;
1198 583 231 55 Vonnie
1465 586 192 52 Smith
1693 589 111 55 183;
1839 589 109 55 Mr.
1986 591 219 54 Carver
2238 592 81 55 39;
2356 592 64 55 G.
2457 592 60 55 E.
2550 594 169 54 How-

240 657 93 46 ton
361 654 109 54 355,
504 651 330 57 Dismissed
864 654 150 54 with
1042 672 220 45 prayer
1291 663 61 54 to
1381 664 160 52 meet
1573 664 171 57 again
1776 666 100 55 the
1906 666 100 55 5th
2035 667 241 55 Sunday
2307 669 63 54 in
2400 669 324 54 December

244 733 130 49 1957.

1440 834 61 48 C.
1543 834 69 48 H.
1651 834 280 57 YANCY,
1974 835 316 55 Chairman

1438 927 270 48 ELMAN
1746 928 349 57 HOWTON,
2133 928 141 57 Vice
2314 930 315 55 Chairman

1440 1021 174 48 MRS.
1651 1021 247 48 LOYLE
1936 1021 379 57 SEYMOUR,
2356 1023 306 55 Secretary

1443 1114 115 48 and
1591 1114 318 48 Treasurer

1450 1326 78 75 $

859 1564 288 78 Boldo
1228 1561 445 105 Midnight
1758 1561 366 105 Singing

381 1743 213 57 Friday
631 1741 169 58 night
835 1741 205 58 before
1077 1740 100 60 the
1218 1738 135 61 first
1392 1738 241 61 Sunday
1672 1737 61 63 in
1774 1737 268 63 October.
2115 1737 163 63 Time
2319 1737 27 63 7
2389 1737 217 63 o'clock

382 1888 118 48 The
532 1887 183 49 house
748 1899 123 37 was
904 1885 190 51 called
1125 1884 61 52 to
1219 1884 174 52 order
1425 1884 79 55 by
1536 1882 99 57 the
1671 1881 319 58 Chairman
2022 1881 219 58 Nelson
2274 1879 205 60 Butler
2512 1878 229 61 singing

259 1981 28 34 a
325 1977 153 46 song.
553 1966 222 57 Prayer
816 1963 81 60 by
937 1963 133 60 Bro.
1114 1962 61 61 C.
1219 1962 64 61 O.
1327 1960 297 63 Woodley.
1699 1959 121 64 The
1867 1957 318 66 Chairman
2227 1956 316 67 appointed
2586 1954 157 69 John

259 2044 207 48 Hocutt
502 2043 115 49 and
654 2041 228 51 Arthur
916 2041 178 51 Ward
1134 2052 63 40 as
1236 2038 490 54 committeemen.
1797 2037 123 55 The
1960 2035 318 57 Chairman
2317 2044 142 48 sang
2499 2032 244 60 another

264 2134 135 45 song
436 2122 115 57 and
586 2121 99 58 the
723 2119 310 60 following
1068 2116 234 63 leaders
1339 2128 157 51 were
1537 2113 205 66 called:
1785 2112 163 67 Cecil
1984 2112 256 67 Sanders
2278 2112 112 67 391,
2428 2110 117 69 441;
2586 2109 160 70 John

264 2199 174 48 Black
486 2200 76 54 50,
613 2199 117 55 318;
783 2197 159 57 John
990 2196 294 58 Woodard
1332 2194 114 60 440,
1492 2193 117 61 211;
1665 2190 157 64 Billy
1873 2190 286 64 Williams
2211 2190 78 64 89,
2346 2188 111 66 143;
2512 2185 234 69 Martha

267 2278 178 48 Susan
493 2275 205 51 Butler
750 2275 114 58 100;
916 2272 178 61 Betty
1141 2271 282 63 Woodley
1473 2269 78 64 64,
1600 2268 180 66 426-J;
1833 2266 216 67 Denise
2100 2266 198 67 Banks
2350 2266 112 67 111;
2517 2263 229 70 Dulane

265 2355 388 49 Smitherman
696 2353 115 55 339,
853 2352 118 57 317;
1018 2349 270 60 Paulette
1333 2347 216 61 Taylor
1594 2346 78 63 75.
1719 2346 85 63 37;
1851 2343 303 66 Charlotte
2202 2341 222 67 Butler,
2469 2341 112 67 273,
2631 2340 114 69 172;

267 2434 123 46 Bro.
429 2433 66 48 G.
537 2433 58 48 E.
637 2431 169 55 Ford,
846 2430 79 57 34,
967 2430 82 57 33;
1095 2427 139 60 Otto
1275 2425 208 61 Allred
1527 2424 108 63 142,
1677 2424 117 63 395;
1837 2422 145 64 Tom
2022 2422 229 64 Harper
2295 2419 111 67 283,
2448 2419 115 67 340;
2608 2418 139 69 Mrs.

267 2509 178 48 Jessie
480 2508 286 49 Williams
801 2508 112 55 215,
952 2506 117 57 442;
1108 2505 117 58 Lee
1263 2502 195 61 Wells,
1495 2502 112 61 439,
1645 2500 112 63 316.
1830 2500 210 63 Recess
2076 2497 94 66 for
2208 2497 142 66 cake
2389 2494 115 69 and
2542 2494 205 69 coffee.

268 2587 258 57 Blessing
565 2587 133 57 Bro.
742 2586 231 58 George
1015 2581 265 63 Phillips.

391 2667 195 46 House
627 2662 192 51 called
858 2662 60 51 to
958 2659 178 54 order
1174 2659 81 57 by
1290 2656 159 60 John
1491 2655 220 61 Hocutt
1753 2653 109 63 146,
1903 2653 114 63 436.
2091 2650 256 66 Leaders
2388 2662 178 54 were:
2610 2649 139 67 Mrs.

268 2743 135 48 Tom
430 2743 228 57 Harper
687 2742 114 58 434,
831 2740 117 60 392;
978 2736 328 64 Willodene
1338 2733 399 67 Smitherman
1765 2731 112 69 416,
1909 2730 114 70 216;
2056 2730 229 70 George
2314 2725 249 75 Phillips
2595 2724 151 76 123b;

271 2821 106 55 300;
426 2821 37 55 I.
508 2820 54 57 S.
607 2817 361 60 Heatherley
1011 2815 114 61 373,
1173 2814 114 63 171;
1336 2812 181 64 Oscar
1558 2808 253 69 Putman
1855 2808 115 69 272;
2019 2805 229 72 Dorthy
2293 2802 135 75 Nell
2472 2800 279 76 Woodley

274 2899 100 52 192,
403 2899 112 55 200;
552 2898 181 57 Oscar
765 2895 147 60 Cain
940 2893 114 61 454,
1084 2892 117 63 460;
1236 2890 198 64 Agnes
1464 2886 150 69 Wall
1645 2886 108 69 187,
1785 2884 115 70 379;
1933 2883 196 72 Melba
2158 2881 150 73 Jean
2340 2878 267 76 Sanders,
2640 2878 111 76 212,

271 2977 108 55 334;
421 2976 135 57 Mrs.
597 2974 66 58 G.
702 2974 60 58 E.
802 2973 156 60 Ford
996 2970 112 63 328,
1152 2970 115 63 155;
1308 2962 234 70 Madgie
1579 2962 118 70 Lee
1735 2959 223 73 McCoy
1996 2959 112 73 336,
2148 2958 117 75 371;
2305 2958 204 75 Lester
2547 2953 205 79 Norris

270 3054 144 55 410b,
456 3054 114 55 313;
613 3051 250 58 Ethleen
904 3045 300 64 Woodley,
1248 3042 112 67 382,
1408 3040 109 69 138;
1561 3037 250 72 Vernice
1852 3034 280 75 Woodley
2178 3034 106 75 166,
2328 3033 114 76 297;
2487 3033 108 76 Mr.
2637 3031 115 78 Lee

270 3130 169 49 Wells
478 3139 142 48 sang
658 3129 97 58 294
796 3127 81 60 by
918 3121 255 66 request.
1249 3118 121 69 The
1414 3114 316 73 Chairman
1771 3111 262 76 thanked
2073 3109 99 78 the
2214 3108 208 79 people
2466 3106 91 81 for
2598 3105 156 82 their

270 3207 367 60 cooperation
669 3207 120 60 and
819 3199 250 67 support
1102 3198 63 69 of
1197 3196 102 70 the
1332 3192 246 75 singing.
1644 3189 174 78 After
1848 3187 100 79 the
1981 3186 223 81 closing
2238 3196 144 70 song
2413 3184 108 82 Mr.
2554 3183 199 84 James

273 3286 391 48 Smitherman
700 3279 312 55 dismissed
1048 3273 148 61 with
1230 3282 231 52 prayer.

1471 3358 300 49 NELSON
1812 3355 312 54 BUTLER,
2169 3352 316 57 Chairman

1473 3453 297 51 ROBERT
1815 3448 391 55 ALDRIDGE
2251 3445 142 58 Vice
2445 3444 315 60 Chairman

1474 3546 202 49 LENA
1710 3543 256 55 KILGO,
2007 3538 322 60 Secretary,

1476 3643 126 45 Box
1635 3639 112 52 403,
1782 3637 225 55 Jasper,
2044 3633 127 60 Ala.

516 4129 435 82 Alabama
1032 4117 300 94 Union
1417 4098 321 114 Sacred
1821 4095 246 117 Harp
2155 4090 363 121 Singing

838 4282 226 54 Jasper,
1098 4270 289 66 Alabama
1416 4290 69 46 —
1516 4255 252 81 October
1801 4255 27 81 5
1863 4254 114 82 and
2008 4249 43 87 6,
2089 4246 123 90 1957

408 4420 133 45 35th
568 4411 225 54 session
822 4405 64 60 of
910 4401 289 64 Alabama
1225 4390 198 75 Union
1450 4381 217 84 Sacred
1693 4381 162 84 Harp
1882 4374 229 91 singing
2137 4369 121 96 met
2286 4369 58 96 at
2368 4368 222 97 Jasper,
2617 4362 144 103 Ala.,

277 4500 385 52 Courthouse,
697 4483 258 69 October
988 4480 30 72 5
1054 4473 115 79 and
1203 4473 46 79 6,
1288 4467 141 85 1957.
1497 4456 204 96 Called
1734 4458 58 94 to
1827 4453 172 99 order
2032 4449 78 103 by
2145 4447 178 105 Oscar
2356 4443 144 109 Cain
2535 4438 228 114 singing

277 4581 99 49 36b
591 4570 225 60 Pravpr
855 4558 81 72 bv
978 4552 138 78 Otto
1159 4543 223 87 Allred,
1428 4540 181 90 Oscar
1653 4531 147 99 Cain
1840 4537 142 93 sang
2025 4525 103 105 30t.
2205 4519 265 111 Leaders,
2515 4512 249 118 Hershel
